3772 6112
19 5032 24 5043 ¹
128 5009 326 5082 coelicolasque
349 5029 446 5069 omnes
470 5021 588 5085 repetat,
605 5030 640 5068 ne
654 5013 769 5071 crimina
785 5015 930 5088 quisquam

23 5096 25 5101 ’
127 5098 193 5156 llaec
209 5105 329 5154 vestrum
344 5102 487 5174 tradatque
502 5102 546 5157 alii
561 5102 701 5159 faciensve
716 5104 866 5160 docensve.

116 262 186 320 {075
397 254 970 319 wnbnltttblsTtttblPtttb.b10N.
992 253 1301 312 ore.l³tttt3111.-
1327 250 1494 310 Ctttthrtt.
1696 247 1768 302 tcto

124 388 159 446 Ut
173 387 216 444 vel
231 403 314 460 parva
327 385 381 443 tuis
395 387 441 442 liat
455 384 596 443 concessio
611 383 699 442 laetis.
931 386 960 447 Α
976 380 1071 437 Infelix
1087 395 1137 436 sua
1151 377 1222 434 lerre
1236 378 1339 450 nequit,
1355 377 1458 447 majora
1474 375 1631 447 requirens.

127 476 193 533 lude
207 476 352 533 beatorum
366 475 445 548 parili
460 490 561 531 venere
576 473 669 530 volatu
976 473 1083 527 Interea
1098 485 1114 524 a
1128 469 1211 541 longe
1225 467 1282 522 bini
1295 467 1330 522 de
1343 475 1421 538 parte
1436 471 1581 534 stetemnt,

127 565 215 622 Sedes
228 582 317 639 usquc
331 565 513 631 sacerdotnm,
530 562 592 635 quis
605 561 726 637 fulgidus
741 563 810 619 ordo
976 561 1047 616 Ecce
1063 559 1255 615 Sebastianum
1270 572 1371 629 magno
1385 555 1531 627 splendore
1550 553 1704 610 micantem

128 655 223 727 Captet
237 671 307 711 onus
322 654 418 721 meriti,
431 653 545 725 jngique
558 651 661 725 potitur
679 651 806 709 honorel
976 652 1065 722 Atque
1081 647 1257 704 Valentinum
1272 646 1363 718 specie
1377 645 1506 718 cognovit
1520 651 1623 715 aperta.

127 745 251 818 Angelus
267 763 274 800 ε
291 746 357 811 llos,
373 742 467 814 inquit,
484 759 577 799 secum
592 734 751 799 Dominator
765 741 864 814 opimis
973 760 982 786 ι
1000 740 1067 795 lude
1080 737 1160 794 etiarn
1175 752 1273 794 averso
1292 736 1418 802 ducente,
1434 743 1561 791 catervas

127 832 225 892 Ditavit
241 833 353 899 meritis,
369 831 432 887 ideo
447 847 578 887 enarrare
592 847 723 888 coronam
977 828 1123 902 virgineas
1138 827 1249 893 adeunt,
1265 825 1312 881 ubi
1327 825 1458 897 splendor
1472 824 1534 881 luce
1550 835 1671 879 corusca

125 922 214 978 Nemo
224 929 313 993 potest
323 936 377 993 qua
385 921 501 992 quisque
511 921 578 977 nitet
584 921 628 977 cui
639 920 763 976 Christus
772 920 925 977 obumbrat.
978 918 1106 973 Summus
1121 915 1262 972 adornavit
1276 913 1368 969 nitidis
1383 912 1560 970 consessibus
1574 910 1671 982 ipsas3

124 1011 159 1066 Et
173 1010 272 1083 quibus
286 1009 373 1068 officia
387 1019 497 1066 ornatas
510 1010 639 1082 praebetis
653 1010 689 1065 ad
703 1026 775 1077 aras,
978 1007 1056 1072 Sunt,
1073 1006 1120 1071 ait,
1136 1006 1179 1060 hae
1193 1011 1296 1060 sanetae
1310 1017 1426 1074 quarum
1441 1001 1493 1056 sub
1511 1002 1618 1056 honore
1631 997 1764 1055 Tonantis

126 1099 183 1154 llos
196 1099 346 1172 rogitemus
362 1100 435 1171 apud
449 1100 595 1156 Dominum
610 1099 779 1156 intercedere
793 1115 842 1170 pro
853 1107 889 1156 te.
977 1097 1095 1154 Nomina
1110 1095 1209 1152 divinis
1224 1094 1312 1151 colitis
1326 1092 1512 1158 famulatibus,
1529 1090 1606 1162 ipsas

125 1187 202 1244 Tunc
216 1187 334 1259 pedibus
349 1189 570 1245 venerandorum
585 1189 717 1244 subnixus
731 1197 846 1261 uterque
977 1188 1031 1243 Pro
1046 1186 1129 1259 longa
1144 1185 1179 1241 ad
1194 1184 1339 1240 Dominum
1355 1183 1410 1238 vitu
1424 1181 1589 1253 praemittere
1604 1186 1715 1250 praesta.

126 1274 211 1334 Unius
224 1276 369 1332 illecebras
383 1277 512 1348 precibus
527 1277 648 1334 relevare
663 1286 787 1349 precatur
803 1297 810 1344 ;
979 1277 1024 1334 Sic
1039 1276 1085 1342 ait,
1102 1274 1257 1345 etpedibus
1273 1288 1334 1328 sese
1348 1279 1521 1344 prosternere
1536 1277 1655 1338 certant,

129 1365 187 1422 Nec
201 1381 278 1421 mora
293 1374 448 1422 sanctornm
460 1366 563 1438 pariter
577 1366 713 1423 consortia
727 1374 851 1439 surgunt.
978 1365 1105 1421 Protinus
1119 1371 1277 1436 assurgunt,
1295 1362 1430 1434 citiusque
1444 1360 1479 1416 ad
1493 1360 1589 1414 linnna
1602 1365 1725 1432 pergunt

130 1454 319 1528 aggressique
334 1456 460 1511 thronum
475 1455 613 1511 Christum
627 1455 730 1527 petiere
741 1455 863 1524 iacentes
979 1455 1057 1511 Celsa
1072 1453 1161 1510 throni
1176 1453 1288 1525 longam
1302 1450 1380 1507 lratri
1393 1451 1545 1521 deposcere
1559 1449 1655 1504 vitam.
1783 1516 1785 1521 Ι

130 1543 166 1600 Ut
180 1543 272 1614 potius
285 1543 377 1600 laxare
392 1544 457 1600 velit
471 1560 552 1615 quem
567 1544 651 1617 digna
665 1543 779 1599 referre.
981 1545 1035 1600 Sed
1050 1543 1127 1615 prius
1142 1549 1251 1598 orantes
1267 1557 1349 1613 quam
1363 1556 1394 1596 se
1408 1547 1589 1610 prosternere
1603 1545 1729 1609 possent,

131 1631 200 1688 Turn
214 1632 309 1688 reboat
321 1632 356 1688 de
371 1642 462 1688 saneta
477 1649 529 1688 vox
544 1632 680 1689 testudine
695 1632 789 1688 diceas
805 1651 812 1686 :
980 1632 1068 1689 Obvia
1082 1632 1210 1702 majestas
1226 1629 1382 1702 Christique
1397 1629 1531 1684 immensa
1545 1635 1671 1699 potestas

129 1720 229 1777 Debuit
242 1721 375 1792 exemplis
389 1721 488 1778 multos
503 1721 650 1777 incendere
664 1720 771 1786 iratres,
944 1722 1075 1810 Blilevat
1088 1720 1202 1777 inclines
1216 1718 1285 1774 miro
1299 1717 1446 1789 splendore
1461 1716 1610 1783 nitescens,

131 1809 187 1866 Sed
201 1817 311 1880 torpore
324 1810 439 1865 madens
454 1808 551 1865 desivit
564 1808 638 1865 ferre
652 1809 785 1865 laborem.
982 1810 1077 1880 Qualis
1092 1809 1126 1864 ab
1141 1807 1268 1864 humanis
1283 1807 1360 1863 cerni
1375 1805 1544 1879 agnoscique
1559 1804 1660 1877 liguris

132 1897 202 1954 Hinc
216 1914 348 1970 respousa
362 1897 452 1967 silent,
469 1913 619 1970 vocemque
635 1898 757 1954 emittere
771 1906 888 1955 cessant.
980 1900 1127 1970 Nunquam
1143 1912 1224 1969 posse
1240 1896 1320 1951 datur
1335 1914 1343 1962 3
1359 1901 1464 1951 certant
1479 1901 1507 1949 ut
1520 1893 1594 1949 bella
1610 1892 1688 1958 fidei,

131 1987 254 2060 Angelus
269 1987 328 2043 lraec
341 1986 425 2048 inter.
440 1986 577 2058 fraterque
593 1987 620 2042 in
636 1994 712 2059 parte
727 1995 861 2043 steterunt
980 1988 1050 2044 llitis
1065 1987 1098 2042 ad
1115 1993 1237 2042 astantes
1254 1985 1378 2040 Christus
1392 1983 1438 2039 dat
1454 1982 1535 2039 verba
1550 1981 1670 2054 puellas.

131 2075 255 2141 Eminus,
272 2082 299 2131 et
313 2075 400 2132 sancti
415 2076 495 2132 sedes
507 2092 571 2131 curn
590 2091 658 2148 pace
673 2076 804 2132 revisunt.
980 2077 1058 2132 lusta
1072 2077 1175 2131 docens
1189 2075 1212 2129 si
1226 2081 1300 2131 recta
1315 2081 1401 2145 gerat,
1417 2072 1586 2145 dignumque
1600 2071 1739 2127 ministrat

134 2163 196 2236 lpse
210 2163 381 2236 Dionysium,
398 2164 529 2221 llilarium
545 2173 706 2237 sanctosque
722 2164 825 2222 serebat
982 2164 1116 2222 Omnibus
1131 2162 1295 2233 exemplum,
1313 2177 1445 2218 revocans
1460 2161 1495 2216 ad
1509 2160 1610 2216 rnoenia
1625 2158 1691 2214 vitae

133 2248 281 2304 Martinum
293 2249 482 2321 anianumque
496 2264 561 2304 suas
575 2265 711 2323 cognosse
725 2247 867 2305 fenestras.
982 2255 1057 2326 Quos
1072 2254 1185 2308 adversa
1200 2253 1304 2308 docens
1319 2259 1422 2306 eterno
1437 2249 1556 2321 prodidit
1571 2249 1641 2322 igni,

134 2335 255 2408 Qualiter
268 2337 387 2411 agnovit,
403 2353 472 2410 quoa
485 2354 624 2411 nunquam
639 2355 756 2411 corpore
772 2338 860 2395 vidit?
981 2343 1057 2399 'lunc
1072 2349 1162 2397 vester
1176 2339 1317 2412 prestabit
1332 2341 1420 2394 honor
1433 2338 1507 2410 quod
1521 2345 1621 2394 cuncta
1635 2336 1784 2393 remittam.

134 2426 190 2483 Sed
204 2442 313 2498 sperare
327 2426 406 2482 datur
421 2427 494 2500 quod
509 2427 552 2483 vel
567 2443 694 2484 sermone
708 2427 780 2483 beati
983 2432 1006 2488 O
1020 2430 1147 2486 meritum
1161 2429 1277 2484 sublime
1291 2437 1377 2495 tuum,
1394 2427 1565 2482 sanctissima
1578 2434 1668 2482 mater

129 2515 195 2572 llaec
209 2515 287 2572 ducis
301 2515 416 2586 audiret,
433 2515 477 2573 vel
492 2532 553 2588 quae
567 2516 620 2571 sibi
634 2516 719 2590 grstia
733 2523 829 2573 cuncta
982 2520 1141 2593 Virginitas,
1158 2535 1220 2591 quae
1234 2525 1308 2575 casta
1323 2517 1378 2589 poli
1393 2524 1527 2588 terraeque
1542 2531 1703 2587 supremum

133 2604 308 2674 Monstrarat,
325 2606 458 2678 quosdam
472 2604 574 2661 laceret
587 2621 723 2679 cognosse
739 2605 858 2661 silentes.
983 2608 1130 2681 Imperium
1144 2606 1257 2673 retines,
1273 2605 1390 2661 Domino
1406 2621 1466 2677 quae
1480 2604 1605 2676 proxima
1619 2603 1725 2673 Chisto,

133 2691 208 2751 Tune
222 2695 348 2751 hortante
366 2695 464 2751 itemm
487 2709 613 2767 gressum
637 2695 750 2753 duetore
774 2701 932 2768 retorquent
982 2699 1119 2754 AEtemam
1133 2712 1217 2767 super
1231 2703 1305 2751 astra
1320 2695 1432 2750 domum
1446 2693 1575 2749 inviolata
1589 2692 1688 2749 locasti
1705 2708 1713 2748 t

133 2783 176 2839 lid
191 2783 325 2856 sedesque
340 2784 411 2840 viam
427 2783 525 2839 nitidas
540 2799 666 2856 pressere
680 2791 858 2856 resumptam,
983 2787 1047 2844 Sola
1062 2785 1172 2858 quidem
1186 2784 1287 2841 celebs
1306 2791 1409 2839 tanturn
1423 2798 1577 2856 cognomen
1591 2781 1707 2837 babebit
1722 2800 1730 2848 ;

56 2944 58 2948 Α
135 2871 229 2928 Gloria
243 2873 407 2946 martyribus
422 2889 473 2946 qua
485 2872 568 2945 pollet
581 2874 671 2945 opima
685 2873 785 2929 beatis.
983 2876 1017 2932 Et
1030 2883 1160 2946 corrupta
1174 2883 1264 2929 tamen
1280 2872 1303 2927 si
1317 2889 1348 2928 se
1363 2879 1424 2943 post
1438 2871 1553 2928 crimina
1568 2870 1667 2927 saltem

134 2961 930 3034 Crederenoupoterisspeciemnumerumquequotessent.
983 2965 1149 3021 convertens
1164 2963 1254 3019 anima
1271 2962 1305 3016 nd
1320 2960 1466 3017 Dominum
1481 2959 1619 3014 submissa
1635 2960 1766 3027 recurrit,

134 3049 201 3118 llos,
218 3051 265 3120 ait,
282 3050 398 3108 invictus
413 3051 472 3106 tulit
485 3052 543 3107 hac
555 3052 583 3106 in
598 3067 684 3123 regna
696 3051 860 3121 triumphus.
983 3053 1097 3110 Praemia
1112 3060 1186 3108 certa
1201 3059 1320 3120 manent,
1337 3050 1360 3105 si
1375 3049 1485 3105 nomine
1499 3049 1526 3103 in
1541 3064 1601 3104 aeva
1616 3049 1731 3105 carebit.

135 3138 193 3196 llos
208 3139 308 3194 etenim
322 3139 400 3194 terris
414 3139 516 3195 caelesti
530 3139 611 3194 lande
631 3139 736 3203 tenetis,
948 3110 1031 3197 Cllis
1045 3143 1127 3215 igitur
1140 3140 1226 3215 gestis
1242 3137 1314 3196 facili
1328 3138 1470 3194 discedere
1488 3154 1586 3211 gressu
1707 3112 1713 3125 ’

135 3229 192 3296 llos
206 3228 335 3299 precibus
351 3227 497 3282 commissa
512 3226 568 3281 suis
582 3235 628 3280 tua
641 3226 748 3282 solvere
762 3226 863 3283 sanctis
982 3231 1127 3302 lncipiuat,
1145 3229 1280 3301 itinerque
1295 3243 1375 3282 snum
1389 3242 1467 3282 sacer
1481 3225 1598 3299 angelus
1617 3225 1678 3281 istis

135 3316 293 3381 Poscamus,
305 3315 449 3387 statimque
464 3329 542 3370 sacra
552 3315 588 3370 ad
601 3315 716 3389 vestigia
730 3332 792 3372 sese
982 3319 1160 3391 Prosequitur
1174 3317 1253 3375 dictis
1269 3334 1276 3371 :
1293 3315 1406 3387 Quantis
1419 3317 1539 3371 humana
1555 3314 1658 3372 volutet

136 3404 292 3473 Projiciunt,
306 3403 439 3476 citiusque
454 3418 534 3460 sacer
548 3392 694 3460 consessus
707 3405 818 3462 abinde
982 3408 1132 3482 Progenies
1146 3406 1228 3477 vitiis,
1245 3421 1262 3462 o
1277 3405 1338 3478 quis
1349 3419 1461 3460 narrare
1476 3403 1577 3460 valebit
1593 3402 1600 3459 l

137 3491 237 3565 Surgit,
254 3499 281 3549 et
294 3499 356 3549 anie
371 3493 422 3550 Dei
435 3501 555 3549 aureum
569 3493 753 3565 pr0⁵lernilur
767 3495 866 3553 aulam·
981 3507 1051 3565 Nam
1066 3505 1129 3562 licet
1144 3521 1160 3561 a
1175 3503 1302 3573 Domino,
1318 3517 1463 3558 numerosa
1477 3510 1554 3574 peste
1569 3501 1712 3568 laborans,

135 3580 239 3682 lliffliffi
253 3590 363 3654 paccata
377 3598 488 3657 l⁰8³¹1³=
506 3599 557 3639 ΨΘΧ
571 3583 639 3684 §ede
652 3584 777 3640 ressuffll·
982 3602 1120 3660 abscedat
1134 3617 1222 3675 genus
1236 3602 1384 3657 humanam
1400 3600 1513 3656 Pectore
1528 3598 1636 3669 relicto,

134 3671 164 3729 5¹
179 3687 246 3745 ‘1⁰0⁸
260 3687 345 3774 {mist
358 3672 460 3730 d⁰⁰⁸¹¹⁵
473 3681 578 3774 P⁰⁰⁰³²¹
592 3671 656 3774 seni
668 3672 764 3774 fefelli
982 3704 1071 3774 Atque
1082 3701 1150 3775 jugo
1165 3700 1273 3756 Satanae
1287 3715 1336 3754 sna
1350 3697 1419 3755 colla
1435 3712 1552 3772 gravare
1566 3706 1688 3767 suescat,

133 3763 229 3835 Deque
243 3777 287 3819 ’Μ
300 3778 329 3819 ¹¹¹
343 3779 464 3835 Weps
479 3764 543 3819 '¹¹⁰¹
558 3771 694 3820 mmm¹⁸¹²
707 3763 792 3832 Μ’
982 3797 1064 3854 Nulla
1078 3806 1169 3853 tamen
1185 3805 1261 3853 tanto
1275 3804 1387 3868 peccata
1402 3794 1495 3851 lurore
1510 3795 1623 3852 Creator

132 3851 190 3998 ξοδ
204 3859 303 3954 ‚mmm
318 3860 437 3918 revoeet’
454 3852 698 3952 ⁸⁰lv⁰⁰ti¹r.deh¹w
713 3861 810 3926 ‘mus'
849 3942 854 3954 .
982 3896 1105 3952 Vindicat
1121 3895 1242 3952 offensus
1257 3910 1340 3967 quam
1355 3911 1416 3968 quae
1431 3894 1565 3951 contraria
1584 3901 1714 3951 constant

147 3942 455 4086 nqulffumqulffsomrzn
470 3957 647 4085 quogngllff
661 3941 767 4042 δῴητε
781 3951 877 4014 poesn’
981 3996 1102 4061 Naturae,
1119 3995 1192 4066 quod
1207 3993 1323 4066 quisque
1337 3990 1414 4048 netas
1429 3992 1515 4048 vitare
1529 3991 1645 4048 laboret.

135 4028 425 4176 Silentiizzaeeeximergt.
440 4047 574 4175 ζῗωωέοἰ
594 4047 777 4192 Ρίἔοέἐζυὴθω
792 4120 854 4176 fflos
870 4139 877 4176 :
982 4094 1156 4166 Quapropter
1171 4100 1285 4148 cunctos
1299 4091 1413 4147 nimium
1428 4098 1534 4148 certare
1549 4107 1666 4148 necesse
1682 4098 1724 4148 est

134 4209 271 4266 Convocat
284 4209 335 4265 hos
349 4225 446 4266 omnes
460 4225 575 4282 quorum
585 4226 636 4281 per
650 4209 742 4266 inania
755 4218 860 4266 mentes
980 4192 1022 4248 Ne
1037 4191 1133 4247 θῑὼθᾶῑ
1145 4197 1232 4246 males
1246 4189 1382 4246 ⁵⁰0l⁰¹l¹ffl
1398 4187 1538 4246 S⁰d0mi¹³
1560 4188 1657 4257 libldO,

134 4299 270 4372 Dogmata
282 4299 423 4371 pervertit,
439 4298 531 4354 nocuit
545 4298 588 4354 vel
602 4299 629 4354 in
645 4298 751 4355 actibus
765 4315 893 4371 unquam,
980 4291 1016 4347 Et
1030 4288 1159 4361 templum
1174 4286 1283 4343 Domini
1297 4296 1415 4342 mutetur
1430 4287 1457 4341 iu
1469 4286 1580 4343 horrida
1601 4287 1677 4361 nigri

131 4389 185 4445 llut
199 4387 298 4460 quibus
313 4388 466 4460 exemplum
481 4387 546 4444 dieti
560 4387 603 4443 nel
617 4387 733 4459 praebuit
747 4396 825 4445 actus
982 4388 1121 4461 Serpentis
1136 4387 1262 4454 delubra,
1278 4386 1378 4459 quibus
1393 4402 1423 4441 se
1437 4385 1541 4455 degere
1556 4385 1670 4458 gaudet.

131 4476 192 4547 Qu⁰
207 4477 290 4534 Vllflm
304 4493 451 4549 m⁰l0⁵l¹¹0
465 4494 529 4532 ⁸⁰⁰⁵
545 4493 723 4548 ⁰⁰lrl¹¹¹¹lll³le
737 4485 859 4549 P0⁸⁸011h
939 4479 965 4540 D
979 4487 1098 4544 Sordida
1112 4501 1166 4541 non
1180 4493 1285 4540 tantum
1300 4484 1344 4540 hic
1359 4483 1472 4539 morbus
1488 4483 1617 4556 contagia
1632 4483 1763 4555 praebens

127 4566 162 4622 Et
177 4583 208 4623 ὅθ
223 4574 326 4623 Slemll
339 4567 431 4634 humb
449 4566 574 4639 (limique
588 4583 638 4639 Per
653 4567 745 4622 ⁰¹¹¹¹¹i²
760 4583 821 4624 ⁵0⁵0
983 4584 1080 4652 lulicit,
1097 4583 1217 4641 alternas
1232 4582 1351 4637 maribus
1366 4582 1432 4637 dum
1447 4580 1562 4653 turpiter
1575 4580 1668 4649 instat,

128 4657 198 4713 Em
214 4673 299 4725 Μ’
316 4655 437 4729 3⁶⁸⁵i³⁸e
451 4655 524 4711 ”¹⁸¹⁰
538 4664 564 4712 et
578 4655 706 4713 d⁰⁰Ui⁸⁸e
720 4657 864 4729 memet·
983 4684 1220 4756 Commacnlatque
1235 4680 1341 4737 animas
1355 4679 1467 4735 ardente
1482 4678 1608 4750 cupidine
1622 4679 1719 4750 stupri.

125 4745 170 4802 Sic
184 4744 292 4801 veniam
308 4752 448 4817 exposcat,
466 4745 612 4817 statimque
629 4745 786 4801 astantibus
801 4745 884 4802 addat
902 4764 909 4802 :
982 4784 1082 4839 verum
1097 4779 1238 4852 multiplici
1253 4780 1398 4834 amomum
1414 4777 1518 4833 violare
1529 4775 1653 4849 jugalem

127 4833 183 4889 Vos
198 4850 307 4906 precor,
325 4850 342 4890 0
359 4833 416 4890 nati
431 4834 551 4904 Domini,
568 4850 618 4906 per
632 4834 745 4891 numina
759 4835 868 4902 summi,

126 4922 147 4977 p
391 4924 397 4934 .
641 4923 647 4934 .
981 4879 1089 4936 llssolet
1104 4877 1206 4944 illuvie,
1222 4876 1326 4932 rabiem
1340 4876 1405 4930 dum
1421 4873 1537 4946 quisque
1552 4882 1704 4947 sequentes

148 4936 179 4977 er
194 4930 357 4995 samque
371 4939 456 4992 ‘mos’
473 4925 587 4991 ΝΜ
606 4940 765 4997 {numasque
780 4925 877 4999 beata}
980 4976 1114 5043 Luxuriae,
1130 4974 1257 5031 instinctu
1272 4972 1384 5029 violenti
1398 4970 1530 5026 demonis
1545 4970 1607 5037 acti,

978 5076 1089 5133 Naturae
1104 5088 1235 5131 concessa
1250 5070 1306 5127 suis
1321 5069 1476 5126 stimulante
1491 5068 1652 5140 relinquunt

127 5189 161 5245 Et
176 5195 252 5260 patet
267 5186 380 5243 alterius
395 5199 527 5260 qnantum
541 5192 588 5265 qui
602 5192 699 5264 polluit
714 5200 802 5260 actus,
979 5172 1149 5246 COPJ'USibus
1162 5171 1234 5236 luxu·
1251 5168 1408 5239 li⁰i¹l¹¹¹¹tll¹e
1424 5168 1453 5223 5¹1
1468 5165 1698 5238 ⁸2¹¹Pl1¹⁰l¹¹0rem

130 5277 253 5350 Desipiat
268 5274 312 5332 vel
327 5275 356 5332 ia
371 5278 495 5348 exemplo
510 5295 557 5335 seu
572 5281 702 5354 dogmate
715 5298 803 5354 pravo
979 5275 1133 5338 vertentes,
1150 5270 1257 5325 Satanae
1270 5267 1399 5323 incedunt
1414 5265 1512 5322 hostile
1527 5265 1653 5337 lupanar,

129 5364 182 5437 Qui
197 5366 286 5422 nialus
301 5373 353 5433 est,
368 5365 468 5423 multos
482 5383 574 5423 secum
590 5370 703 5428 invitare
717 5371 836 5437 suescit;
977 5371 1055 5430 Unde
1070 5370 1117 5424 tibi
1129 5368 1214 5438 juben
1228 5365 1354 5422 Auctoris
1369 5365 1404 5421 de
1418 5364 1528 5421 nomine
1542 5363 1631 5420 nostri

126 5455 161 5512 lit
175 5465 266 5513 tamen
279 5455 412 5514 eeunctis
427 5455 560 5513 scelerum
573 5461 737 5518 commercia
753 5469 852 5529 sumet,
976 5469 1030 5525 Ista
1044 5467 1136 5539 palam
1151 5463 1284 5535 referens,
1300 5470 1329 5518 ut
1344 5462 1421 5518 clara
1436 5477 1503 5518 voce
1524 5461 1664 5527 revolvas,

975 5569 1034 5625 Nec
1047 5565 1137 5625 celare
1151 5562 1221 5621 velis
1236 5569 1365 5636 quantum
1379 5559 1528 5617 discrimen
1541 5559 1672 5617 adheret.

150 5673 163 5700 ⁸
177 5661 270 5707 Versus
284 5660 395 5707 mutnus.
975 5667 1044 5723 Esse
1060 5663 1235 5721 subinductas
1249 5660 1380 5719 mulieres
1393 5657 1515 5734 pluribus
1530 5665 1608 5731 aptas
1625 5673 1633 5713 t
