3772 6112
185 223 256 283 1027

185 436 342 509 pavimento
355 437 486 503 volutata,
502 435 693 491 miserabiliter
711 434 863 503 exclamat3
880 442 906 491 et
919 434 990 491 inter

186 525 328 598 angustias
351 541 383 581 ac
406 524 524 598 gemitus
547 530 641 596 optato
655 522 717 580 visu
731 524 846 591 donata,
863 523 989 598 gratissi-

187 630 264 670 mum
278 613 403 671 omnibus
417 613 464 686 qui
486 613 600 670 aderant
619 612 721 687 praebet
740 611 813 688 signi
836 611 989 687 perspicui-

187 709 244 760 tate
258 702 452 777 spectaculum.

453 826 566 884 carus
585 794 718 883 xxxta.

206 953 340 1024 Infirmas
364 953 480 1026 pulvere
499 951 667 1025 sarcophagi
685 955 714 1007 ct
737 952 796 1009 oleo
814 955 969 1009 recreatas.

222 1079 253 1135 In
268 1077 365 1134 eodem
381 1075 548 1132 monasterio
564 1074 634 1132 inter
648 1074 828 1132 scholasticos
842 1083 908 1133 tunc
923 1083 991 1134 tem-

187 1167 264 1240 poris
284 1174 341 1224 erat
362 1165 472 1239 quidam
494 1164 634 1237 puemlus,
659 1164 832 1237 pauperculis
855 1163 917 1221 licet
938 1180 990 1237 pa-

189 1255 312 1313 rentibus
326 1254 476 1321 'omundus
500 1253 591 1309 studio
612 1261 704 1309 tamen
726 1252 850 1310 discendi
864 1253 931 1309 satis
945 1253 990 1309 in·

188 1352 289 1401 tentus.
307 1343 428 1416 Cumque
448 1341 591 1398 immatura
611 1349 699 1397 morte
714 1341 853 1413 utriusque
867 1341 990 1413 parentis

189 1432 288 1492 solatio
303 1432 462 1499 nudaretur,
474 1430 600 1504 quamvis
615 1429 805 1502 quotidianum
817 1428 918 1487 victum
934 1430 992 1486 suis

189 1521 331 1578 laboribus
353 1520 464 1577 assidue
492 1519 667 1592 quaeritaret,
699 1535 871 1592 nequaquam
899 1528 990 1576 tamen

189 1611 254 1668 boui
270 1610 362 1677 studii,
379 1609 460 1665 etiam
483 1608 646 1664 necessitate
669 1607 858 1679 compellente,
882 1607 990 1663 instan-

188 1701 254 1757 tiam
268 1697 423 1770 dereliquit.
439 1697 465 1753 ls
479 1695 571 1752 lateris
586 1695 706 1768 quodam
718 1695 814 1753 dolore
828 1712 987 1767 percussus,
1003 1703 1031 1764 Β

189 1787 361 1861 usqueadeo
376 1785 455 1860 gravi
469 1801 520 1857 per
535 1784 619 1858 longa
632 1793 787 1856 temporum
810 1785 898 1856 spatia
913 1782 992 1840 infir-

190 1879 284 1934 mitate
299 1873 448 1942 contabuit,
465 1873 535 1929 utin
550 1889 604 1929 uno
613 1873 710 1940 latere,
724 1873 758 1928 ab
773 1874 887 1930 humero
898 1872 994 1929 videli-

192 1974 338 2037 cetusque
353 1963 389 2019 ad
404 1969 554 2018 extremam
570 1961 695 2033 corporis
709 1969 824 2033 partem,
839 1961 935 2019 ulcera
948 1978 994 2018 aa·

192 2055 265 2111 niem
280 2051 431 2110 emittentia
444 2058 569 2123 paterent
578 2050 791 2122 quamplurima.
807 2050 867 2121 Qua
880 2049 993 2107 infirmi·

537 218 740 279 watcvmbt
759 218 882 278 stunc}
900 216 1000 278 FULD.
1019 215 1106 276 ΜΟΝ.
1127 214 1204 278 OPP.
1223 216 1312 278 PARS
1330 217 1365 276 11.
1381 249 1416 264 -
1430 218 1630 280 mstomca.

186 364 242 421 que
256 317 353 404 orante
375 344 502 404 devotius
523 346 613 402 subito
634 345 725 418 puella
747 345 801 403 buc
824 343 943 419 illucque
963 343 1032 406 inA

1774 222 1834 281 1⁰2⁸

1329 344 1441 405 CAPUT
1458 346 1543 403 xLu.

1192 470 1286 527 Mutus
1304 471 1378 528 cocis
1397 470 1485 543 officio
1503 474 1690 528 muneratus.

1073 592 1184 651 iuvenis
1200 593 1311 666 quidam
1326 594 1519 668 pauperculus,
1536 594 1673 652 orationis
1688 609 1775 652 eausa
1788 612 1836 654 ne

1038 683 1186 740 casterium
1200 682 1306 752 adiens,
1323 681 1434 740 fratrem
1457 701 1536 741 suum
1554 683 1721 755 iamdudum
1736 685 1836 743 amima

1038 771 1114 829 vocis
1127 771 1271 845 dispendia
1292 772 1483 844 deplorantem
1505 788 1600 830 secum
1616 772 1744 829 adduxit.
1759 773 1836 830 Cum·

1039 876 1092 933 que
1106 859 1278 918 altarisancti
1287 860 1359 917 Galli
1373 861 1632 935 appropinquasset,
1649 861 1836 934 presbyterum

1038 949 1185 1022 quemdam
1199 949 1266 1005 inibi
1276 958 1449 1008 sacrosancta
1458 957 1619 1007 tractantem
1634 949 1768 1024 mysteria
1777 966 1836 1008 con·

1039 1037 1143 1110 spesit3
1167 1047 1194 1094 et
1215 1038 1478 1095 consummationem
1499 1055 1585 1096 sacrae
1610 1038 1730 1097 actionis
1758 1054 1839 1112 oppe-

1039 1125 1123 1194 riens,
1139 1127 1262 1198 ejusdem
1277 1127 1428 1185 sacerdotis
1443 1128 1478 1184 ab
1502 1127 1593 1185 officio
1607 1127 1751 1184 redeuntis
1764 1128 1839 1203 geni·

1039 1215 1091 1272 bus
1106 1215 1268 1284 advolvitur,
1285 1225 1310 1273 et
1331 1223 1360 1272 ut
1378 1231 1429 1289 pro
1451 1223 1526 1273 muto
1549 1216 1719 1290 dignaretur
1741 1216 1840 1289 aliquas

1039 1302 1153 1360 fundere
1167 1319 1265 1376 preces
1280 1305 1315 1361 ad
1329 1304 1476 1361 Dominum
1484 1305 1621 1361 instanter
1633 1305 1781 1362 exoratus
1799 1305 1842 1364 dle

1039 1391 1196 1462 hujusmodi
1218 1393 1355 1449 desiderio
1378 1393 1559 1461 satisfaciens,
1586 1393 1681 1465 primo
1696 1393 1842 1452 orationem

1039 1496 1090 1552 pro
1104 1480 1206 1537 misero
1229 1481 1302 1549 lecit,
1319 1480 1419 1538 deinde
1434 1482 1525 1540 crucis
1544 1471 1608 1538 erim
1621 1480 1741 1538 munivit
1754 1483 1842 1557 signa·

1040 1568 1112 1635 culo,
1138 1569 1194 1626 acsi
1218 1569 1352 1627 Dominici
1381 1571 1506 1642 corporis
1530 1578 1557 1626 et
1583 1569 1730 1645 sanguinis
1751 1587 1842 1628 sacra·

1041 1665 1134 1713 mento
1144 1657 1269 1715 firmavit.
1282 1656 1343 1727 Quo
1354 1658 1435 1726 sacto,
1452 1659 1582 1715 resolutis
1596 1658 1705 1733 linguae
1719 1659 1840 1728 ameum,

1043 1745 1089 1818 qui
1117 1754 1208 1803 mutus
1241 1746 1388 1804 advenerat
1416 1745 1538 1820 pristinae
1566 1747 1718 1805 locutionis
1743 1749 1842 1821 recepit

1043 1834 1141 1892 officia.

1325 1906 1437 1964 CAPUT
1459 1906 1556 1963 xtttt.

1132 2033 1206 2088 Puer
1224 2034 1388 2089 concamio
1407 2048 1424 2087 c
1443 2030 1591 2089 debilitate
1611 2031 1762 2089 liberatus.

192 2151 248 2200 tate
261 2143 291 2198 in
304 2149 408 2197 tanturn
423 2147 555 2215 maratus
566 2147 617 2206 est,
632 2147 662 2195 ut
675 2138 720 2196 vix
731 2139 788 2210 jam
803 2139 862 2195 sine
876 2139 993 2196 aliorum
1078 2154 1196 2211 puel-um
1210 2155 1366 2227 quemdam,
1381 2154 1512 2212 membris
1533 2154 1667 2212 omnibus
1686 2155 1723 2211 iu
1743 2162 1844 2212 mm·

190 2230 357 2290 adminiculo
371 2244 508 2302 quoquam
517 2243 644 2301 gressum
658 2243 768 2284 movere
782 2228 926 2300 potuisset.
937 2228 993 2286 Sed
1043 2249 1116 2300 prum
1130 2250 1160 2299 ut
1173 2260 1224 2316 pgr
1237 2259 1268 2301 ge
1281 2243 1434 2300 nullatenu,
1445 2259 1583 2316 ΨΜ]
1596 2244 1736 2318 progredi
1749 2245 1845 2317 pm

192 2337 254 2379 ⁰⁰¹⁰
270 2318 411 2392 ⁰0iP0ffl¹0
432 2317 672 2384 medicamentum·
698 2315 823 2388 quamvis
841 2317 993 2389 saeltissime
1044 2339 1095 2403 set,
1111 2347 1167 2388 non
1176 2332 1258 2405 louge
1272 2333 1300 2388 iu
1314 2333 1408 2390 itinere
1416 2333 1490 2407 quod
1499 2333 1534 2389 ad
1546 2333 1750 2389 monasterium
1763 2332 1843 2402 ducit,

190 2409 352 2476 'dhibimmv
367 2406 433 2463 nihil
448 2406 489 2462 iffi
502 2405 655 2477 Pmdesseb
672 2413 698 2462 ⁰¹
710 2406 876 2479 i⁸¹¹¹l⁸m<l¹¹0
890 2405 991 2478 despe·
1041 2421 1069 2476 bi
1084 2421 1131 2494 qui
1146 2420 1289 2479 eumierre
1300 2422 1426 2478 solebant
1435 2422 1525 2478 solum
1538 2421 1715 2479 dimiserunt.
1732 2423 1844 2479 Armen-

190 2507 297 2556 raretur
312 2513 328 2554 a
344 2496 460 2563 cunctis,
476 2502 568 2551 custos
581 2493 706 2552 ecclesie
720 2494 749 2549 in
759 2493 904 2551 festivitate
919 2495 993 2552 beati
1040 2510 1126 2565 mm,
1141 2517 1235 2566 autem
1249 2509 1360 2583 quidam
1376 2525 1425 2582 pe,
1447 2510 1573 2566 eamdem
1586 2509 1664 2567 ,iam
1678 2511 1715 2567 de
1730 2510 1799 2567 351„
1811 2511 1844 2566 'd

190 2588 261 2645 Gelli
275 2587 381 2643 cineres
395 2585 430 2640 de
445 2584 617 2657 sarcophago
636 2582 711 2638 illius
724 2582 844 2655 collegit,
861 2590 887 2639 et
901 2584 992 2640 oleum
1041 2599 1239 2655 monasterium
1253 2597 1378 2666 pendens,
1395 2598 1461 2653 dum
1475 2600 1613 2669 jacentem
1628 2600 1768 2656 miserum
1780 2615 1845 2656 m·

191 2677 266 2750 quod
281 2683 344 2732 ante
359 2674 448 2746 ipsum
463 2672 551 2728 altare
564 2671 679 2728 ardebat
692 2672 846 2738 admiscuit,
863 2672 992 2730 adducti·
1042 2688 1185 2760 spuisset,
1201 2688 1237 2743 ap
1251 2687 1286 2743 ,d
1301 2703 1363 2743 eum
1379 2704 1386 2742 :
1403 2687 1547 2756 Quomodo
1561 2697 1588 2744 e,
1601 2689 1688 2761 unde,
1704 2704 1724 2746 0
1739 2688 1844 2759 flebilis,

190 2781 244 2840 que
258 2779 360 2836 eorpus
383 2760 462 2834 pueri
484 2777 516 2817 ee
539 2768 617 2832 carte
639 2759 775 2831 perunxit
803 2776 885 2833 avam
913 2760 992 2818 dolor
1043 2777 1198 2833 advenisse
1212 2793 1301 2849 quove
1316 2777 1467 2834 securitas
1477 2778 1684 2851 generamine
1694 2779 1844 2835 macana

191 2854 363 2928 possederat.
381 2851 434 2921 Qui
448 2850 493 2906 die
506 2849 803 2919 alteraulceribnsjam
819 2849 991 2921 superductis
1042 2866 1158 2922 horrore
1173 2883 1228 2922 non
1252 2866 1366 2921 timuisti
1384 2867 1545 2923 remanere?
1568 2883 1625 2940 quo
1640 2867 1737 2940 imque
1757 2867 1844 2924 mim

190 2959 275 3000 sanus
290 2944 427 3007 inventus,
444 2939 479 2995 ob
494 2939 655 2995 memoriam
674 2937 788 2994 redditae
802 2937 855 2993 sibi
869 2938 991 2995 sanitatis
1041 2955 1228 3011 desiderauit
1243 2957 1279 3011 Eg
1291 2955 1338 3011 iq,
1355 2971 1362 3011 :
1378 2955 1431 3011 pro
1444 2956 1497 3022 hig,
1513 2955 1616 3028 inqui„
1633 2956 1842 3025 calamitatibus,

189 3032 325 3105 reliquum
339 3029 401 3085 vitae
415 3035 522 3099 tempus
536 3028 565 3083 in
574 3028 697 3098 ejusdem
708 3027 795 3083 sancti
803 3026 858 3084 loci
868 3027 990 3085 excubiis
1005 3060 1158 3125 equarum
1180 3060 1225 3100 me
1249 3044 1445 3100 numerositate
1468 3052 1576 3116 septum
1595 3044 1688 3113 vides,
1714 3045 1752 3103 gd
1777 3044 1845 3101 bap

190 3120 265 3178 fideli
280 3117 425 3176 devotione
438 3109 583 3189 transegit.

498 3239 610 3296 CAPUT
627 3238 686 3295 XL.

349 3365 448 3422 liccat
466 3364 548 3421 crida
564 3364 668 3437 puellm
686 3365 832 3422 restituta.

1044 3132 1117 3189 Galli
1131 3133 1285 3206 patrocinia
1307 3133 1392 3189 multo
1411 3133 1469 3203 jam
1491 3140 1525 3188 ex
1550 3141 1677 3206 tempore
1704 3135 1842 3206 pervenire

1043 3221 1211 3294 cupiveram.
1228 3222 1282 3278 Sed
1298 3237 1362 3278 eece
1375 3221 1403 3276 bi
1418 3237 1534 3293 quorum
1549 3238 1594 3278 me
1609 3222 1709 3279 labore
1724 3223 1789 3280 illuc
1800 3223 1841 3279 de·

1044 3310 1111 3367 terri
1127 3312 1282 3383 sperabam,
1298 3311 1380 3367 modo
1402 3310 1454 3367 viae
1476 3310 1652 3384 longitndine
1671 3310 1790 3386 fatigati,
1804 3327 1841 3368 me

1042 3400 1174 3456 miserum
1188 3401 1216 3454 in
1230 3401 1282 3455 bac
1295 3398 1440 3455 solitudine
1455 3398 1628 3473 reliquemnt
1637 3399 1713 3457 lame
1728 3400 1841 3458 crucian-

223 3510 288 3567 Post
301 3506 498 3581 aliquantulum
520 3504 658 3577 temporis,
684 3505 775 3577 puella
795 3505 989 3580 quaedamjam
1039 3488 1106 3544 dum
1125 3496 1153 3545 0¹
1177 3489 1272 3544 bestiis
1294 3488 1481 3546 ¹³⁰0f⁸¹¹d¹¹¹¹¹·
1506 3489 1610 3561 Hisque
1632 3488 1681 3544 ille
1706 3490 1839 3562 (luem

190 3599 290 3656 multos
304 3613 355 3670 per
374 3611 461 3652 annos
480 3611 576 3651 manus
595 3593 679 3650 aridae
702 3601 728 3650 et
750 3603 867 3652 curvatae
880 3596 989 3667 ponam
1039 3594 1089 3650 W
1104 3577 1366 3650 0⁰¹1¹P25550⁰0m⁰d
1379 3577 1599 3634 misefiwsd'fflm
1615 3577 1717 3646 flexu&
1733 3594 1838 3651 lmerum

1038 3666 1161 3723 humeris
1175 3665 1333 3738 impositum
1347 3682 1398 3737 per
1421 3683 1505 3722 unum
1519 3665 1679 3722 milliarium
1702 3668 1740 3723 ad
1753 3682 1838 3724 mons·

1039 3755 1153 3811 sterium
1168 3763 1266 3827 portat.
1291 3755 1379 3825 Quem
1393 3755 1492 3811 deinde
1516 3754 1613 3823 irater,
1631 3756 1676 3812 cui
1693 3757 1838 3829 suscipien-

1038 3846 1136 3901 dorum
1150 3860 1302 3917 pauperum
1312 3860 1380 3901 cura
1392 3845 1539 3901 commissa
1553 3851 1605 3912 est,
1617 3861 1775 3914 assumens,
1785 3860 1838 3903 eon

1038 3951 1106 4008 grua
1119 3933 1261 3989 mansione
1278 3933 1388 3991 relovit.
1416 3935 1502 3990 Nocte
1523 3933 1617 4005 itaque
1637 3935 1762 4006 quadam
1775 3933 1838 3992 drot

1038 4031 1188 4079 nocturnas
1211 4022 1328 4093 vigilias,
1363 4022 1469 4079 caeteris
1492 4022 1539 4094 qui
1567 4020 1700 4079 similiter
1728 4021 1838 4095 suscepti

1037 4111 1145 4168 fuerant
1157 4112 1192 4167 ad
1207 4110 1353 4168 ecclesiam
1371 4111 1572 4178 festinantibus,
1588 4112 1676 4184 coepit
1690 4112 1766 4169 idem
1779 4127 1838 4184 puer

1036 4217 1132 4258 omnes
1147 4201 1273 4257 attentius
1287 4215 1402 4257 exorare
1416 4206 1446 4255 ut
1459 4200 1495 4256 ad
1510 4199 1656 4256 basilicam
1680 4200 1837 4267 deterrebar,

1037 4289 1196 4362 cunctisque
1210 4290 1238 4345 id
1252 4291 1325 4362 quod
1340 4290 1447 4362 petebat
1456 4289 1671 4364 denegantibus,
1689 4292 1774 4364 coepit
1787 4305 1838 4346 cre·

1037 4379 1095 4435 bris
1109 4379 1180 4435 beati
1195 4379 1268 4435 Galli
1283 4395 1383 4435 nomen
1393 4379 1522 4436 invocare
1532 4378 1708 4436 clamoribus
1725 4399 1733 4437 :
1748 4378 1838 4436 deinde

1040 4468 1122 4526 etiarn
1141 4468 1299 4524 horribilius
1319 4475 1504 4540 perstrepere,
1526 4467 1564 4524 ita
1584 4477 1613 4523 ut
1641 4484 1701 4525 non
1731 4482 1838 4541 parvum

1040 4558 1212 4615 audientibus
1236 4566 1370 4614 terrorem
1391 4557 1539 4631 ingereret.
1562 4559 1661 4630 ltaque
1682 4558 1838 4631 quibusdam

1040 4655 1069 4703 ut
1083 4662 1181 4704 causas
1200 4647 1389 4719 angustiarum
1404 4647 1462 4715 ejus
1485 4654 1673 4718 agnoscerent
1702 4647 1838 4703 introcun-

1040 4737 1121 4804 tibus,
1138 4752 1222 4792 sauus
1236 4737 1362 4793 inventus
1377 4744 1428 4804 est,
1443 4743 1470 4792 et
1483 4751 1547 4792 cum
1559 4736 1719 4809 gratiarum
1733 4737 1835 4795 aetiam

1043 4827 1078 4882 ad
1092 4826 1239 4884 ecclesiam
1252 4825 1420 4904 properavit.

1325 4950 1436 5009 CAPUT
1454 4947 1550 5007 XLIV.

1205 5050 1367 5124 Porclytico
1384 5052 1510 5107 sanitati
1527 5051 1679 5107 restituto.

1076 5156 1199 5213 Puellam
1213 5157 1334 5231 paralysi
1356 5157 1442 5213 multo
1465 5164 1590 5228 tempore
1609 5156 1787 5213 laborantem
1803 5151 1839 5211 sui

1040 5246 1076 5304 ad
1090 5246 1286 5302 monasterium
1304 5246 1468 5302 detulerunt.
1491 5245 1558 5316 Quae
1576 5245 1606 5300 in
1627 5245 1778 5304 ecclesiam
1797 5245 1839 5300 de

1040 5344 1158 5408 portata,
1174 5336 1208 5391 ad
1232 5335 1376 5392 lectionem
1399 5334 1554 5411 Evangelii,
1578 5352 1640 5407 quae
1657 5335 1686 5390 in
1706 5333 1839 5392 nocturnis

1041 5423 1430 5481 secundumconsuetudinem
1454 5423 1591 5497 regularis
1612 5422 1697 5480 officii
1717 5424 1840 5480 recitatur

1041 5512 1173 5580 excubiis,
1193 5512 1411 5580 circumstantes,
1435 5519 1464 5568 ut
1479 5528 1509 5568 se
1531 5519 1638 5568 ater-ra
1658 5512 1838 5577 sustollerent,

1041 5620 1068 5669 et
1081 5612 1152 5671 inter
1165 5628 1264 5670 manus
1278 5618 1472 5681 sustentarent,
1487 5610 1572 5685 capis
1581 5627 1686 5686 rogare
1702 5629 1710 5671 :
1726 5624 1837 5686 cumque

187 3689 279 3746 ferens
292 3685 396 3754 inutile,
413 3685 448 3741 ad
463 3682 656 3741 monasterium
670 3699 732 3740 cum
745 3692 832 3740 matre
853 3685 988 3757 pervenit.

187 3778 310 3849 Cumque
324 3775 371 3848 pio
384 3782 446 3831 voto
471 3773 562 3829 manui
585 3773 703 3845 torpenti
722 3772 863 3846 globulum
878 3773 927 3828 lini
942 3790 989 3830 su·

186 3881 352 3940 perponens‚
375 3864 411 3919 ad
434 3863 519 3920 altare
545 3862 631 3919 sancti
651 3861 817 3919 contessoris
832 3863 986 3931 accederet,

187 3955 351 4029 impositura
365 3952 439 4025 quod
460 3951 558 4020 attulit,
576 3951 704 4009 continuo
719 3967 817 4009 manus
835 3952 894 4023 ipsa
908 3951 988 4009 resti·

186 4053 245 4102 tuta
259 4052 301 4102 est
316 4041 435 4099 sanitati.

485 4183 598 4240 CAPUT
617 4184 687 4241 XLI.

189 4315 259 4374 Cera
277 4328 362 4387 qaum
380 4309 506 4368 rusticos
520 4309 554 4364 ab
572 4308 691 4365 ecclesia
705 4309 801 4382 rapuit
816 4309 848 4365 in
863 4307 987 4382 lapidem

511 4396 657 4436 conversa.

223 4509 357 4582 Tempore
370 4522 434 4564 vero
444 4503 507 4571 alio,
520 4503 638 4560 rusticus
648 4501 758 4576 quidam
768 4502 796 4559 in
806 4504 903 4561 eadem
917 4504 991 4561 beati

188 4598 276 4657 Patris
290 4596 403 4655 basilica
425 4611 496 4652 cerae
511 4592 674 4665 particulam
690 4593 747 4648 suis
769 4594 917 4665 aptandam
931 4594 990 4650 usi-

188 4691 241 4746 bus
255 4689 290 4744 ab
304 4686 383 4744 altari
397 4685 503 4742 occulte
517 4682 639 4753 diripuit.
655 4683 721 4738 lnde
736 4699 881 4756 regressus
895 4683 931 4739 ad
944 4685 991 4741 bo·

189 4778 310 4850 apitium,
327 4777 392 4832 dum
415 4774 450 4829 de
468 4772 530 4827 sinu
554 4787 647 4828 ceram
668 4771 704 4827 ad
719 4771 859 4843 quodlibet
873 4788 942 4843 opus
957 4789 991 4828 ex

188 4883 220 4922 ea
235 4865 390 4923 iaciendum
406 4862 584 4936 protraheret,
597 4860 624 4915 in
634 4860 762 4916 duritiam
772 4860 869 4933 lapidis
879 4876 992 4918 conver·

188 4970 245 5008 sam
264 4955 374 5012 invenit.
399 4951 587 5022 Continuoque
610 4966 757 5006 recurrens
779 4948 813 5005 ad
828 4950 989 5020 ecclesiam,

187 5041 250 5097 loco
266 5058 315 5097 suo
331 5043 404 5114 quod
415 5041 567 5098 abstulerat
575 5038 701 5105 restituit,
712 5046 739 5094 et
753 5039 905 5095 astantibus
913 5056 990 5097 suam

190 5126 337 5184 salubriter
351 5129 493 5186 consessus
503 5128 681 5201 proterviam,
698 5127 772 5200 quod
786 5128 887 5185 iactum
901 5127 992 5186 iuerat

189 5214 330 5274 indicavit.
348 5217 401 5288 Qui
416 5219 455 5274 rei
470 5220 589 5275 novitate
604 5216 757 5289 stupefacti,
774 5217 839 5273 dum
854 5218 923 5274 inter
938 5219 991 5274 ad-

186 5305 361 5364 mirationem
376 5306 502 5363 eamdem
518 5307 690 5378 particulam,
707 5305 809 5363 certius
825 5323 883 5362 rem
898 5307 992 5378 cogni·

186 5395 250 5462 turi,
267 5394 394 5450 tollerent
409 5394 443 5449 de
459 5395 557 5462 altari,
575 5396 675 5452 mirum
696 5395 788 5453 dictul
805 5396 832 5451 in
847 5396 991 5469 pristinam

186 5503 244 5543 suae
258 5493 362 5543 naturae
374 5483 519 5542 mollitiem
535 5500 665 5557 reperere
679 5493 819 5543 mummm.

996 4423 1023 4486 D
