3772 6112
130 227 184 286 283

359 226 562 288 waltrami
573 230 696 290 statut
710 231 812 290 FULD.
827 229 917 290 NON.
935 221 1014 287 OPP.
1037 232 1126 293 PARS
1139 235 1163 294 l,
1178 232 1462 293 -xmonoctea

1731 239 1788 297 282

133 349 181 425 qui
193 365 249 409 non
270 359 363 409 utatur
381 353 525 428 obsequio,
546 355 609 413 ideo
628 356 743 414 docetur
766 356 903 413 neminem
918 349 972 412 aa
986 358 1032 415 stet
1047 358 1100 415 illis
1111 359 1158 433 qui
1167 358 1243 416 nulla
1252 358 1368 416 utilitate
1378 375 1451 433 saepe
1460 358 1551 418 daitat
1560 358 1661 418 domoc
1670 374 1787 419 suornm

131 439 204 496 bono
219 442 293 514 quod
307 458 341 498 ex
355 451 434 515 parte
457 445 549 515 habet,
574 462 635 502 esse
650 446 810 514 arcendum,
835 446 885 502 sed
900 446 936 503 ad

131 529 185 586 hoc
198 528 288 601 petius
303 533 376 603 quod
395 534 517 589 noudum
536 534 619 589 babet
641 551 702 590 esse
717 535 933 608 provocandum.

130 617 211 674 Tales
225 618 308 675 etiarn
322 621 358 676 ob
372 621 491 678 aliorum
505 622 622 679 salutem
636 623 797 679 admittendi
813 640 931 681 censen-

130 711 185 764 tur.
202 707 288 781 Igitur
301 708 329 764 in
343 711 478 768 haereticis
493 711 536 769 vel
561 713 590 768 in
613 713 693 768 malis
707 713 859 783 catholicis,
877 729 932 769 uon

130 805 303 853 sacramenta
325 800 481 855 communia
500 799 529 855 in
543 800 643 874 quibus
658 802 802 858 nobiseum
818 809 890 873 sunt,
908 816 935 864 et

131 883 279 942 adversum
294 904 345 944 nos
359 904 414 944 non
429 897 500 959 sunt,
517 890 567 945 sed
582 890 745 947 divisionem
759 890 821 963 paci
836 890 937 947 verita·

132 973 206 1047 tique
221 975 398 1047 contrariam,
416 994 471 1051 qua
486 979 633 1034 adversum
648 995 699 1035 nos
714 986 785 1048 sunt,
803 987 829 1036 et
844 979 936 1036 Domi·

131 1078 197 1119 num
211 1080 266 1121 non
281 1074 432 1138 sequuntur
443 1068 595 1139 nobiscum,
608 1069 740 1125 detestari
750 1076 776 1124 et
786 1068 934 1142 prohibere

132 1153 276 1211 debemus.

167 1255 305 1313 versit.
315 1289 350 1299 -
360 1260 452 1316 Nolite
465 1261 621 1332 probibere.
640 1261 692 1328 Qui
709 1262 796 1317 enim.
812 1261 873 1315 Non
889 1276 933 1315 re-

131 1346 311 1415 prehenditur
324 1348 443 1404 Joanues
458 1349 505 1421 qui
520 1365 614 1405 amore
635 1349 762 1419 faciebat,
786 1351 835 1405 sed
849 1349 932 1406 doce·

132 1442 177 1490 tur
191 1441 220 1490 ut
234 1436 341 1492 noverit
354 1436 526 1494 infirmorum
541 1456 602 1494 esse
617 1438 813 1511 firmorumque
829 1438 932 1494 distan-

131 1522 207 1593 tiam,
224 1524 289 1596 quia
302 1526 445 1596 Dominus,
471 1527 522 1583 etsi
546 1536 704 1584 remunerat
722 1528 860 1596 fortiores,
876 1544 932 1585 nen

131 1611 250 1669 excludit
264 1613 397 1671 infirmos,

986 464 1054 522 quas
1069 449 1284 522 dereliquemnt.

1297 615 1413 674 CAPUT
1427 617 1465 673 X.

1019 767 1105 824 Vsus.
1125 771 1150 824 t.
1160 770 1268 825 -Port
1286 768 1344 826 bec
1366 771 1472 837 actem,
1488 775 1541 825 etc.
1558 766 1654 841 (Dan.)
1669 767 1747 826 Sicut
1759 766 1788 826 iu

984 857 1116 929 apostolis
1127 865 1178 926 est,
1189 855 1278 912 forma
1286 857 1489 930 episcoporum,
1499 864 1662 932 etc.,aaqttc
1672 858 1709 914 att
1719 857 1789 915 sicut

984 947 1024 1001 sol
1044 946 1201 1001 triduanum
1222 963 1279 1002 suae
1297 946 1367 1003 lucis
1386 945 1519 1002 ambitum
1540 962 1592 1018 per
1611 946 1787 1021 septuaginta

983 1034 1053 1091 duas
1068 1036 1151 1091 horas
1166 1033 1275 1091 efficere
1290 1034 1369 1091 solet.

1018 1125 1094 1180 Niait
1107 1125 1172 1180 illos
1187 1125 1274 1180 binos.
1295 1124 1348 1179 Per
1366 1124 1419 1181 hoe
1438 1124 1512 1195 quod
1534 1122 1615 1181 binos
1633 1122 1729 1196 mittit,
1743 1123 1786 1180 in·

982 1211 1076 1268 unitur
1086 1212 1159 1284 quod
1170 1227 1251 1268 nemo
1261 1211 1464 1283 predicationis
1479 1211 1600 1270 officium
1609 1213 1694 1269 debet
1705 1212 1787 1270 susci·

981 1316 1058 1372 pere,
1076 1301 1123 1372 qui
1137 1316 1205 1374 erga
1219 1301 1303 1357 alium
1318 1301 1480 1358 charitatem
1493 1301 1654 1358 nonhabet.
1671 1301 1723 1357 Vel
1733 1301 1788 1359 bini

981 1389 1132 1458 mittuntur,
1151 1389 1303 1445 secuudum
1316 1389 1390 1462 quod
1405 1389 1470 1444 bina
1483 1389 1615 1446 animalia
1629 1388 1718 1445 missa
1727 1398 1788 1446 sunt

981 1476 1009 1532 iu
1024 1493 1128 1547 aream,
1141 1478 1169 1532 id
1184 1484 1225 1533 est
1235 1478 1374 1534 masculus
1389 1484 1415 1532 et
1430 1477 1541 1545 lomina,
1557 1477 1702 1533 immunda
1712 1477 1785 1550 prius

981 1566 1009 1621 in
1024 1567 1128 1624 carnali
1139 1566 1328 1640 generatione,
1341 1566 1391 1622 sed
1400 1566 1531 1621 mundata
1543 1567 1681 1624 Ecclesiae
1695 1582 1786 1624 sacra·

980 1662 1074 1711 mento
1089 1672 1140 1727 per
1155 1655 1325 1728 spiritualem
1335 1653 1453 1728 gratiam
1467 1654 1496 1710 in
1506 1654 1708 1728 discipulorum
1717 1671 1786 1729 prte-

166 1710 251 1768 Vnns.
269 1713 313 1770 5l.
329 1745 364 1754 -
378 1716 504 1784 Dotatae,
522 1717 573 1772 cia.
595 1715 687 1788 (Dan.)
701 1715 825 1788 Apostoli
839 1705 966 1774 adhucB
988 1743 1134 1801 dicamne,

132 1799 216 1857 rudes
236 1810 261 1857 et
281 1803 392 1859 modum
415 1804 545 1861 vindicati
573 1805 744 1879 ignorantes,
767 1813 830 1874 etc,
852 1821 939 1879 usqae

133 1890 169 1946 ad
190 1890 253 1945 talis
278 1900 400 1963 potestas
425 1894 527 1949 sanctis
554 1893 656 1949 virise
678 1893 857 1950 Deoeollata
885 1903 936 1949 est.

169 1981 295 2037 Dicimus
306 1987 337 2037 at
349 1985 422 2055 iqais
433 1984 584 2040 descendat
595 1984 628 2039 dc
638 1985 715 2040 celo.
729 1983 770 2038 Ad
781 1999 938 2039 sermonem

131 2069 248 2125 istorum
257 2069 330 2143 ignis
349 2072 384 2127 de
408 2071 478 2128 caelo
502 2072 692 2142 descenderet,
719 2073 782 2145 quia
803 2080 865 2127 sunt
889 2072 937 2132 dlii

132 2158 254 2215 tonitrui.
271 2161 306 2215 at
320 2166 469 2217 consumat
479 2163 543 2218 illos
553 2166 564 2217 t
573 2164 608 2217 nt
618 2177 768 2218 conteratis
779 2164 937 2235 increpavit

133 2248 391 2305 illosetdteit.1n
410 2249 587 2305 similitudine
610 2251 687 2320 Eliae,
712 2251 758 2323 qui
778 2258 804 2306 et
824 2250 937 2322 propria

132 2351 215 2391 manu
231 2345 257 2392 et
271 2337 335 2410 igne
350 2337 480 2394 divinitus
498 2338 654 2411 impetrato,
676 2340 853 2412 presbyteros
868 2340 933 2396 Daal

132 2432 221 2481 morte
231 2425 331 2482 affecit.
343 2427 377 2481 Et
387 2426 415 2481 in
426 2428 479 2483 hoc
490 2427 563 2500 qued
573 2427 690 2500 apostoli
701 2436 863 2500 potestatem
874 2429 936 2484 talis

132 2515 274 2586 prophetae
289 2516 341 2570 sibi
356 2525 535 2587 praesumunt,

132 2603 261 2660 meritum
276 2607 483 2677 prophetarum.

168 2694 283 2766 (duan.)
298 2695 359 2748 Non
373 2702 488 2764 peceant
502 2694 629 2765 apostoli,
647 2694 693 2766 qui
708 2694 800 2768 legem
814 2711 934 2767 sequun-

132 2790 187 2850 tur,
208 2790 272 2850 etc.,
293 2799 381 2856 usqae
395 2784 430 2838 ad
452 2782 599 2839 vindictam
619 2800 673 2838 non
695 2784 792 2855 quaerit
812 2783 858 2856 qui
879 2800 933 2841 uon

133 2869 219 2927 timet.

558 2517 711 2573 ostenditur
725 2517 753 2572 in
768 2517 835 2589 ipsis
850 2517 934 2573 luisse

1024 1833 1145 1890 Vanam
1162 1833 1296 1889 -Ncasis
1312 1832 1532 1905 qatttemmalta,
1553 1835 1680 1907 operarii
1694 1837 1787 1891 autem

987 1923 1082 1994 pacet.
1099 1920 1206 1989 blessis,
1216 1922 1297 1977 turba
1312 1922 1490 1989 credentium,
1498 1922 1620 1994 operarii
1635 1922 1788 1995 apostoliet

989 2026 1123 2082 sequaces
1137 2026 1243 2067 eorum.
1260 2010 1294 2065 Et
1308 2010 1370 2066 lieet
1390 2011 1488 2067 messis
1503 2011 1589 2068 verbo
1602 2011 1655 2067 Dei
1669 2012 1705 2067 sit
1720 2020 1786 2079 sata,

988 2107 1079 2154 tamen
1094 2100 1208 2156 cultura
1222 2100 1347 2155 laborem
1361 2108 1387 2156 et
1398 2099 1544 2156 sollicitum
1559 2116 1659 2156 manus
1669 2100 1787 2174 operarii

988 2189 1112 2261 requirit,
1128 2205 1163 2244 ne
1178 2204 1244 2244 aves
1259 2189 1321 2246 coeli
1336 2205 1434 2261 sparsa
1448 2189 1554 2245 semina
1568 2189 1714 2263 dissipent.

1023 2278 1275 2333 Versa-Sicci
1296 2295 1383 2351 epiros
1398 2281 1475 2334 inter
1495 2279 1585 2351 tapes.
1609 2277 1688 2335 Sicut
1711 2278 1789 2353 lupus

986 2365 1094 2433 ovibus,
1115 2365 1155 2423 sie
1174 2365 1318 2423 haereticus
1342 2366 1487 2422 insidiatur
1506 2365 1644 2423 fidelibus.
1667 2366 1704 2422 Et
1723 2366 1790 2425 sicut

986 2453 1066 2525 lupus
1081 2454 1152 2511 orile
1163 2454 1287 2511 circumit
1302 2463 1391 2522 nocte,
1402 2470 1458 2511 uon
1472 2455 1577 2511 audens
1587 2455 1704 2521 intrare,
1715 2454 1791 2513 mnis

986 2559 1112 2599 somnum
1127 2544 1245 2615 pastoris
1261 2544 1413 2600 absentiam
1425 2544 1468 2600 rel
1480 2544 1617 2600 desidiam
1631 2544 1790 2616 explorans,

986 2632 1026 2690 sic
1040 2633 1187 2689 haereticus
1202 2642 1281 2689 nocte
1301 2650 1358 2688 sure
1376 2632 1608 2705 interpretationis
1628 2632 1727 2689 fideles
1740 2633 1791 2690 de·

984 2721 1077 2794 cipere
1092 2730 1208 2778 conatur
1222 2721 1376 2779 Ecclesiam
1394 2737 1449 2778 nou
1463 2723 1579 2790 intrans,
1596 2730 1725 2794 pastores
1738 2723 1792 2780 Ec·

984 2811 1076 2867 etesiae
1090 2811 1133 2866 vel
1148 2811 1246 2877 vitare,
1264 2811 1306 2866 vel
1322 2826 1433 2879 necare,
1450 2810 1492 2867 rel
1503 2810 1532 2866 in
1542 2810 1671 2866 exsilium
1680 2811 1791 2869 mittere

983 2900 1132 2956 contendit.
1157 2900 1248 2972 Lupus
1267 2907 1366 2956 natura
1386 2900 1512 2972 corporis
1531 2900 1649 2973 rigidus,
1666 2916 1698 2957 se
1712 2900 1792 2962 iniie-

169 2977 478 3035 Vnas.55.-Ncscitts
504 2981 585 3051 cajus
604 2981 724 3052 spiritua
743 2981 821 3036 ertia.
850 2979 932 3050 Cujus
985 2997 1061 3047 ctare
1084 2988 1166 3045 facile
1186 3006 1240 3046 non
1267 2997 1367 3061 potest,
1389 2988 1428 3046 sic
1447 2989 1594 3046 haeretieus
1614 2990 1793 3048 intentionem

133 3064 230 3137 spiritu
246 3066 346 3139 signati
361 3066 436 3136 estis,
458 3067 535 3136 ctrjus
550 3075 612 3123 aeta
630 3067 783 3138 imitamini,
807 3084 880 3125 nunc
896 3058 973 3141 pieC
987 3078 1050 3133 duri
1064 3077 1157 3134 cordis
1171 3094 1226 3135 non
1242 3078 1311 3135 soler
1325 3079 1361 3133 ab
1376 3093 1472 3134 erroro
1486 3093 1630 3136 revocare.

133 3154 316 3223 consulentes,
334 3155 382 3210 sed
397 3154 425 3210 in
441 3154 532 3210 tuturo
543 3156 616 3224 juste
629 3157 793 3225 judicantes.

169 3254 254 3308 Vens
263 3256 306 3309 aa.
314 3284 349 3295 -
357 3255 446 3311 Filias
461 3256 583 3311 bominis
593 3272 648 3311 aare
660 3259 738 3312 vertit
748 3259 860 3313 enimet
870 3273 933 3330 per-

133 3341 207 3410 dere,
219 3342 268 3399 scd
278 3345 398 3412 satanae,
412 3352 464 3400 etc.
476 3343 601 3401 Perfecta
614 3345 700 3401 virtus
711 3361 765 3402 nou
780 3347 862 3402 babet
877 3355 933 3402 stu·

133 3430 208 3486 dium
223 3430 343 3499 ultionis,
360 3448 412 3489 nec
425 3433 481 3489 ulla
496 3441 536 3489 cst
552 3433 704 3502 iracundia,
726 3435 773 3490 ubi
787 3443 828 3492 est
843 3435 934 3492 ehari-

133 3519 197 3575 tatis
210 3519 362 3593 plenitudo.

167 3609 260 3681 (Bau.)
274 3611 337 3666 Non
352 3626 461 3683 semper
475 3611 502 3666 in
518 3628 566 3667 eos
591 3613 637 3685 qui
651 3623 766 3685 peceant
790 3623 832 3670 est
847 3614 935 3673 vindi-

134 3699 262 3770 candum,
287 3707 353 3769 etc,
377 3718 465 3774 taque
487 3703 524 3758 ad
548 3718 564 3757 a
588 3704 687 3775 quibus
711 3706 764 3762 hoc
787 3705 849 3762 loco
863 3705 936 3779 iguis

136 3797 255 3846 arcetur.

168 3878 253 3935 Vnus.
271 3881 315 3936 at.
333 3910 367 3921 -
382 3882 464 3938 Dtrtt
487 3882 612 3953 quidam.
633 3883 699 3954 (ln.)
724 3884 777 3939 iste
794 3883 937 3957 signomm

134 3968 323 4042 magnitudine
350 3976 440 4025 mutus
464 3969 522 4025 vult
545 3971 633 4042 sequi,
659 3979 723 4040 etc,
749 3989 836 4045 usqae
859 3974 896 4029 ad
911 3981 938 4029 et

136 4057 212 4113 tinxit
236 4057 398 4128 obsequium
422 4056 558 4129 discipuli,
586 4076 647 4130 quae
671 4060 745 4116 fictio
764 4077 814 4132 per
828 4061 938 4134 vulpem

139 4146 288 4220 figuratur.

170 4235 256 4293 Vnus.
278 4237 322 4290 58.
340 4263 375 4276 -
389 4236 486 4308 l'atpes
505 4240 600 4309 foreas
620 4238 732 4294 babeat.
754 4239 820 4312 (ln.)
835 4238 938 4313 Vulpes

134 4323 234 4381 animal
249 4323 456 4395 fallax,insidiis
466 4325 608 4396 intentum,
621 4326 733 4398 rapinas
744 4327 848 4384 fraudis
859 4344 937 4385 exer·

133 4428 208 4484 cens,
226 4413 309 4470 etiam
323 4414 395 4470 inter
410 4413 470 4486 ipsa
484 4415 624 4470 homiuum
639 4416 757 4487 hospitia
771 4418 899 4474 habitans
908 4419 936 4477 in
950 4418 977 4481 D

134 4503 221 4560 toreis
237 4520 244 4560 ε
262 4504 299 4560 ita
312 4504 459 4562 hereticus
473 4504 585 4561 domum
600 4504 664 4562 fidei
679 4522 734 4562 non
748 4507 853 4564 habens
868 4509 940 4566 alios

135 4592 164 4647 in
178 4608 257 4648 suam
271 4593 398 4651 fraudem
413 4595 497 4651 trahit
511 4603 538 4651 et
553 4611 569 4650 a
584 4595 639 4652 srde
655 4596 771 4653 seducit.

171 4698 257 4755 Vnus.
274 4702 318 4756 59.
330 4731 365 4743 -
375 4703 422 4758 Ait
436 4709 533 4760 autem
549 4705 585 4761 ad
600 4705 736 4762 alteram.
754 4705 871 4762 attende
882 4707 937 4763 Do·

136 4786 241 4844 minum
254 4803 310 4844 nou
333 4789 428 4861 culpas
451 4801 637 4864 aspamatum,
663 4795 712 4850 sed
732 4794 853 4864 fraudes,
871 4797 934 4869 quia

137 4877 185 4950 qui
207 4877 361 4950 repudiavit
384 4877 600 4949 iraudulentum,
631 4884 715 4960 elegit
743 4884 932 4957 innocentem,

136 4965 263 5023 sedeam
286 4967 364 5037 cujus
383 4977 491 5040 patrem
512 4971 616 5028 sciebat
635 4983 783 5044 mortuum,
800 4974 876 5031 illum
891 4991 937 5048 pa·

137 5060 208 5111 trem
222 5056 257 5112 de
273 5073 328 5130 quo
343 5057 461 5115 dicitur:
483 5060 648 5120 obliviscere
664 5065 777 5121 domum
791 5067 883 5138 patria
899 5064 939 5122 tui

143 5142 325 5218 (Decime),
342 5156 394 5205 etc.

174 5260 260 5317 Vens.
274 5264 436 5321 tta-stae
454 5270 487 5321 ct
500 5269 617 5324 mertui.
635 5268 726 5342 (Bao.)
740 5271 863 5343 Mystico.
879 5273 942 5328 Non

142 5358 289 5408 revocatur
302 5353 338 5407 ab
353 5352 442 5410 officio
457 5354 543 5426 patris
558 5354 639 5427 ilius,
652 5366 715 5428 etc,
732 5376 819 5434 asqae
833 5362 868 5417 cd
882 5360 941 5417 dia·

142 5438 198 5497 beli
211 5440 342 5511 perfidias
356 5441 385 5496 in
400 5458 430 5496 se
450 5443 567 5514 sepelire
581 5460 637 5501 non
650 5446 740 5503 debet.

176 5555 264 5613 Vnus.
277 5560 320 5612 at.
332 5559 550 5616 -ltcauatiare
571 5561 625 5617 tria.
643 5562 672 5618 Si
686 5563 837 5637 discipulus
854 5566 941 5623 Deum

141 5651 285 5704 secuturus
295 5647 429 5722 arguitur,
440 5647 513 5723 quod
523 5649 681 5709 renuntiare
689 5653 782 5709 domui
790 5655 864 5727 velit,
875 5655 941 5729 quid

1019 3195 1104 3250 Varis.
1122 3197 1149 3250 l.
1167 3226 1202 3236 -
1217 3197 1309 3252 Nolite
1324 3212 1386 3268 erqo
1395 3199 1511 3269 portare
1528 3197 1681 3252 caecatam
1705 3211 1793 3270 aeque

983 3298 1091 3356 peram.
1102 3285 1190 3339 Tanta
1202 3283 1377 3357 praedicatori
1391 3284 1473 3340 debet
1487 3300 1549 3340 esse
1565 3283 1670 3341 fiducia
1684 3284 1714 3340 in
1723 3285 1792 3351 Dec,

983 3380 1012 3427 ut
1027 3373 1170 3443 praesentis
1181 3372 1243 3429 ritae
1254 3382 1377 3445 sumptus
1389 3374 1440 3429 etsi
1454 3389 1510 3430 non
1520 3374 1685 3446 praevideat,
1700 3380 1793 3430 tamen

985 3461 1107 3518 sibinen
1122 3461 1279 3518 deiecturus
1299 3462 1453 3519 certissime
1476 3463 1554 3531 sciat,
1570 3479 1608 3519 ne
1621 3463 1691 3519 dum
1705 3478 1790 3520 occu·

984 3558 1065 3623 patur
1079 3566 1157 3608 mens
1172 3552 1207 3606 ad
1230 3552 1403 3624 temporalia,
1420 3550 1510 3607 minus
1534 3551 1666 3625 praedicet
1681 3561 1792 3609 eterna.

985 3642 1132 3697 Neminem
1138 3656 1191 3713 per
1200 3642 1274 3697 ciam
1283 3640 1794 3711 salutaveritis.Festinarejubetcon·

986 3729 1110 3796 tendere,
1122 3745 1156 3784 ue
1167 3728 1283 3798 alicujus
1294 3729 1368 3786 obvii
1378 3729 1601 3786 contabulatione
1615 3728 1794 3788 reflectantur

986 3818 1021 3872 ab
1041 3818 1161 3888 injuncto
1183 3817 1291 3874 itinere.
1318 3821 1376 3875 Nec
1401 3818 1563 3891 simpliciter
1577 3818 1629 3874 ait:
1647 3819 1792 3876 Neminem

986 3908 1181 3964 salutaveritis
1192 3922 1255 3964 cum
1275 3907 1310 3962 sit
1326 3904 1580 3964 u'sushumanitatis
1591 3907 1792 3965 atiossalotare

988 3997 1036 4051 sed
1052 3997 1165 4062 addidit,
1187 3999 1219 4053 ia
1243 3999 1298 4063 etc,
1315 3998 1449 4070 quianon
1464 3997 1639 4055 salutationis
1662 3996 1794 4054 sedulitas

988 4085 1121 4153 aufertur,
1134 4085 1183 4141 sed
1192 4086 1365 4144 obstaculum
1376 4085 1722 4159 impediendaedavotionia
1731 4086 1795 4143 abc·

987 4174 1068 4243 letur,
1085 4182 1114 4230 ut
1129 4175 1239 4247 quando
1253 4176 1345 4234 divina
1354 4177 1529 4244 mandantur,
1541 4175 1685 4249 paulisper
1695 4190 1792 4250 seque·

988 4271 1110 4320 strentur
1125 4266 1254 4321 bumana.

1027 4372 1230 4428 Versa-la
1245 4372 1344 4429 cadem
1358 4376 1455 4429 actem
1476 4373 1564 4429 torno.
1582 4371 1611 4429 si
1627 4386 1682 4445 pax
1701 4378 1792 4431 vestra
1805 4414 1818 4427 .

992 4460 1132 4532 recipitur,
1158 4461 1272 4534 dignum
1296 4468 1384 4516 estut
1409 4461 1437 4516 in
1451 4477 1484 4517 ea
1497 4461 1646 4528 maneatis,
1671 4460 1817 4519 ramniu

990 4550 1125 4622 stipendia
1139 4551 1174 4606 ab
1190 4550 1230 4605 eis
1241 4549 1416 4621 accipientes,
1429 4549 1529 4622 quibus
1538 4549 1665 4607 coelestia
1679 4548 1798 4608 offenda.

990 4641 1063 4696 Ecce
1084 4640 1130 4712 qui
1150 4654 1260 4697 saecum
1281 4646 1308 4695 et
1327 4654 1423 4712 peram
1442 4639 1591 4711 prohibuit,
1615 4648 1742 4712 sumptus
1760 4656 1816 4696 a:

990 4730 1184 4802 praedieatione
1207 4730 1342 4795 concedit,
1366 4729 1406 4786 sie
1426 4736 1518 4784 tamen
1537 4736 1567 4784 ut
1581 4729 1676 4786 oblato
1690 4729 1754 4787 cibo
1766 4744 1815 4787 a:

990 4828 1055 4892 potu
1071 4821 1124 4875 sint
1139 4819 1267 4878 contenti.
1288 4820 1406 4876 Neaete.
1422 4818 1485 4874 Non
1499 4825 1541 4874 est
1554 4817 1590 4874 de
1605 4818 1690 4875 domo
1704 4818 1733 4875 in
1746 4818 1815 4875 tlt:

990 4926 1065 4965 mum
1085 4925 1157 4983 vagu
1179 4909 1308 4966 facilitate
1327 4907 1548 4982 demigrandum,
1570 4915 1600 4963 ut
1619 4907 1649 4963 in
1666 4907 1814 4984 hospit-

990 5015 1084 5056 amore
1100 5007 1226 5056 servetur
1244 4997 1408 5064 constantia,
1431 5013 1466 5052 ne
1479 4995 1581 5054 coalita
1600 4997 1732 5055 amicitiae
1743 5012 1813 5052 n-

990 5089 1129 5148 cessitudo
1149 5087 1230 5144 facile
1251 5086 1415 5143 resolvatur.
1435 5088 1542 5158 Dipaaa
1557 5091 1601 5143 cat
1620 5088 1709 5143 caim.
1724 5086 1812 5142 ND

991 5179 1064 5253 quod
1079 5177 1125 5234 uni
1141 5175 1218 5249 operi
1234 5176 1447 5248 praedicatomm
1461 5175 1523 5231 duae
1535 5175 1682 5232 mercedes
1695 5175 1812 5233 debe:

990 5277 1050 5324 tur:
1068 5283 1122 5324 una
1136 5268 1164 5322 iu
1175 5267 1229 5333 via,
1246 5282 1307 5338 quae
1321 5281 1372 5321 nos
1387 5264 1415 5319 in
1425 5264 1520 5321 labore
1536 5272 1689 5333 sustentem
1705 5260 1811 5321 aliani

990 5357 1089 5432 patria,
1107 5374 1168 5430 quae
1183 5372 1233 5412 nos
1249 5356 1277 5410 in
1293 5354 1496 5412 resurreetione
1511 5361 1682 5411 remunerat.

1026 5476 1111 5531 Vens.
1125 5479 1188 5530 8.—
1195 5475 1231 5529 nt
1242 5475 1272 5530 ia
1281 5472 1639 5546 qucaacaaqacciuitatem.
1651 5468 1791 5542 Descripta

990 5562 1101 5621 diverso
1122 5563 1221 5620 domus
1243 5560 1370 5634 bospitio,
1395 5559 1460 5633 quid
1488 5559 1571 5616 etiam
1590 5559 1620 5616 in
1639 5557 1780 5617 ciuitatibus

990 5668 1075 5729 agere
1104 5653 1223 5710 debeant
1259 5651 1349 5720 docet,
1377 5648 1430 5724 piis
1462 5648 1576 5719 scilicet,
1612 5647 1642 5706 in
1670 5647 1779 5708 ombus
