3772 6112
117 259 169 312 539

367 218 568 313 ιιιίιιιιιρι
583 257 705 313 ernam
720 258 820 314 runo.
836 257 923 314 nou.
935 257 1012 315 orn.
1028 259 1117 316 raus
1131 260 1152 315 1.
1167 290 1202 301 -
1215 257 1452 317 ruaotooma.

1714 265 1757 321 ott

118 397 195 452 stolis
210 413 260 468 per
274 412 343 469 quos
358 398 489 455 ecclesias
504 398 687 469 dispositurus
701 406 769 464 erat,
794 396 1014 457 servaremus
1028 385 1114 454 Ρθῐῦῑῑ
1124 384 1273 440 ῑθΠθΓΠΘῙ
1286 382 1533 440 001¹lri⁸²³fid000
1547 383 1624 456 quod
1638 398 1692 442 ¹¹0ss
1702 396 1751 445 ⁸¹⁸¹

119 486 283 542 docendum.

156 601 240 656 Vens.
256 604 299 658 hl.
316 630 350 640 -
368 601 558 673 Unusquisque
572 601 659 671 euim,
675 609 728 657 etc.
757 602 840 656 Notat
854 602 915 657 illos

118 689 164 761 qui
178 704 292 743 munera
306 704 366 759 quie
380 686 529 743 offerebant
553 689 683 744 altaribus
706 704 755 760 pro
779 689 914 746 sacrificio

116 776 295 841 conficiendo,
311 784 422 846 peracto
437 776 494 842 illo,
512 777 562 832 sibi
577 778 762 843 resumebant,
787 793 839 833 nec
854 777 914 833 aliis

117 881 171 919 non
185 864 351 919 habentibus
366 864 563 920 communicari
578 866 713 934 sinebant,
738 866 788 922 scd
803 866 854 921 soli
869 883 914 921 su-

117 953 225 1007 mebant
242 971 248 1007 :
264 953 302 1007 ita
316 961 346 1007 ut
360 953 423 1008 inde
439 955 521 1009 etiam
536 954 742 1021 inebriarentur,
767 955 826 1009 aliis
849 971 914 1011 esu-

116 1039 259 1095 rientibus,
870 1100 880 1119 ο

152 1129 268 1200 (Αιιιιιι.)
296 1130 393 1184 liunus
419 1129 540 1185 oblatum
564 1130 644 1186 totius
670 1130 698 1184 fit
720 1131 823 1202 populi,
848 1139 912 1200 eto,

115 1234 203 1289 usquc
224 1219 261 1273 ud
279 1217 395 1273 sormam
414 1235 475 1290 quae
488 1235 505 1274 a
520 1219 627 1274 Christo
649 1219 677 1273 in
691 1219 846 1288 hujusmodi
870 1235 914 1275 re·

116 1305 180 1360 data
195 1314 237 1361 est
253 1307 341 1361 iterat.

151 1421 236 1476 Vens.
248 1425 291 1479 22.
308 1423 517 1478 -Ecelesium
534 1421 656 1478 Ecclesia
671 1430 733 1476 sunt
747 1421 861 1488 fideles3
878 1421 913 1477 de

116 1509 215 1581 quibus
231 1510 330 1565 dicitur
346 1529 352 1564 :
373 1513 405 1567 nt
419 1512 565 1567 celtiberet
579 1513 630 1567 sibi
641 1512 795 1567 Ecclesium
808 1511 913 1583 pierio-

113 1614 184 1654 sum.
202 1599 259 1654 lloc
273 1606 364 1653 tamen
380 1598 494 1653 nominc
510 1599 602 1654 vocari
616 1599 705 1670 ipsam
719 1599 830 1654 domum
846 1614 913 1655 ora-

966 489 1096 528 sensurus
1110 481 1243 527 mortuus.
1268 472 1374 528 Dictum
1394 481 1436 528 est
1450 472 1526 528 enim
1545 472 1572 529 ei
1589 491 1598 528 :
1613 474 1673 530 Nou
1685 476 1750 547 iule-

965 567 1046 618 retur
1056 562 1174 616 cadauer
1185 565 1267 616 tuum
1277 562 1309 616 iu
1318 561 1447 632 sepulcro
1455 565 1576 634 potrum
1587 565 1699 619 tuorum
1711 563 1751 634 (lli

966 653 1032 722 lieq.
1051 649 1124 719 xiii).
1141 649 1175 703 Et
1189 665 1238 719 per
1251 649 1304 704 hoc
1318 648 1502 704 inobedientia
1516 649 1661 720 prophetae
1673 652 1745 721 punin‘

965 737 1061 808 potuit,
1088 754 1122 793 ne
1144 738 1179 792 ad
1199 736 1362 808 supplicium
1376 744 1527 793 tartareum
1540 737 1601 806 ejus
1616 737 1702 794 anima
1713 755 1744 797 rt·

965 832 1087 896 peretur.
1115 825 1300 898 corripimur.
1323 826 1353 880 ln
1367 824 1462 895 paucis
1477 832 1520 880 est
1535 825 1657 881 omnium
1670 842 1742 885 amca

965 912 1048 981 datin,
1075 922 1207 984 quatenus
1226 913 1324 968 timore
1354 928 1444 984 poenae
1470 920 1574 969 nostrae
1600 912 1646 968 alii
1669 930 1740 973 emer·

965 1001 1074 1056 dantur.

1001 1116 1086 1170 Vnus.
1102 1119 1146 1170 33.
1171 1147 1206 1156 ·-
1229 1117 1352 1172 Invicem
1366 1120 1542 1188 exspectare.
1568 1117 1605 1172 Ut
1617 1117 1736 1174 mulum

964 1203 1067 1260 oblatio
1082 1204 1163 1258 simul
1177 1204 1342 1274 celebretur,
1360 1211 1387 1259 et
1400 1205 1528 1259 omnibus
1539 1204 1705 1262 ministretur.

1266 1369 1378 1426 CAPUT
1395 1371 1457 1425 ΧΗ.

999 1512 1083 1565 Vane.
1097 1514 1121 1564 t.
1140 1541 1174 1551 -
1192 1512 1231 1566 lle
1245 1511 1454 1583 spiritualibus.
1471 1513 1564 1585 Agere
1580 1511 1670 1584 incipit
1682 1516 1733 1585 ipo

963 1598 1049 1653 stolus
1064 1598 1097 1653 de
1113 1599 1192 1653 bonis
1207 1599 1293 1654 sancti
1309 1597 1433 1670 Spiritus,
1450 1614 1499 1669 pro
1516 1615 1632 1671 quorum
1645 1602 1734 1671 majori·

115 1685 196 1741 tionis
211 1686 358 1757 Apostolus
368 1695 492 1752 testatur,
505 1687 608 1758 dicens,
621 1689 676 1742 Aut
685 1689 841 1743 Ecclesium
851 1689 910 1756 Dei,
962 1686 1013 1740 bus
1028 1686 1073 1741 alii
1096 1687 1300 1758 superbiebant,
1326 1687 1446 1742 minores
1460 1687 1619 1743 invidebant
1633 1696 1657 1744 ct
1669 1689 1733 1761 dupi-

116 1782 168 1830 etc.
192 1774 286 1830 Laudo
297 1792 342 1830 uos
356 1774 423 1830 ,⁹Vel
435 1775 473 1829 sic
483 1774 636 1848 distingue:
649 1775 741 1831 Laudo
750 1776 833 1831 uosiu
843 1776 914 1831 bor?
928 1749 1082 1845 Bciebant,
1100 1775 1177 1846 quasi
1191 1791 1331 1846 nunquam
1344 1774 1463 1829 habituri
1480 1783 1583 1831 essent.

115 1861 208 1934 utique
224 1878 279 1918 non
293 1862 383 1918 laudo.

152 1978 237 2032 Vens.
253 1982 298 2035 23.
313 2009 348 2019 —-
362 1981 417 2050 Epo
432 1979 509 2034 enirn
524 1979 627 2050 accepi,
647 1987 699 2034 cte.
714 1978 839 2035 Ostendit
852 1996 912 2052 my·

116 2066 227 2122 sterium
250 2067 428 2124 Eucharistiae
451 2068 522 2122 inter
546 2067 709 2123 coenandum
734 2069 911 2138 celebratum,

115 2170 170 2210 non
185 2170 293 2212 coenam
314 2172 386 2211 esse.
412 2155 545 2212 Medicina
560 2156 633 2210 enim
647 2156 796 2227 spiritualis
811 2165 862 2223 est,
886 2165 913 2214 et

113 2243 245 2299 memoria
273 2244 480 2315 redemptionis,
510 2253 537 2298 ut
565 2245 667 2312 majora
694 2260 910 2316 consequamur,

115 2332 177 2405 quia
192 2341 280 2387 morte
296 2332 395 2387 Christi
410 2333 517 2387 liberati
532 2349 636 2386 surmus.
663 2333 748 2401 llujus
763 2332 790 2387 in
805 2333 912 2389 edendo

115 2428 141 2476 et
157 2420 275 2476 bibendo
298 2437 435 2477 memores
451 2438 512 2477 esse
529 2421 670 2486 debemus,
696 2422 804 2476 Novum
818 2422 912 2477 Testa·

113 2518 234 2564 mentum
250 2508 279 2564 in
292 2510 345 2565 hoe
361 2510 500 2565 consecuti
516 2527 523 2563 z
540 2509 603 2581 quia
618 2507 744 2565 beneficii
754 2509 838 2564 divini
853 2526 912 2563 san·

113 2598 175 2670 guis
191 2607 232 2652 est
256 2598 342 2668 testis,
367 2597 439 2652 unde
453 2597 487 2651 ad
502 2597 643 2652 tuitionem
658 2596 780 2669 corporis
802 2604 828 2652 et
850 2597 912 2652 ani-

113 2703 166 2742 mae
180 2685 346 2757 percipimus
363 2704 369 2739 :
387 2685 450 2757 quia
470 2700 535 2741 caro
555 2685 654 2739 Christi
673 2701 722 2756 pro
742 2686 829 2740 salute
848 2701 912 2742 cor-

113 2774 199 2846 poris,
217 2774 390 2847 sanguispro
406 2773 494 2828 anima
505 2780 598 2827 nostra
614 2790 621 2827 ε
637 2772 753 2845 ideoque
768 2789 824 2828 non
835 2789 911 2853 mau-

115 2863 268 2918 ducaudum
287 2861 411 2933 praedixit
431 2861 475 2916 lex
495 2860 667 2931 sanguinem.
690 2862 721 2915 lu
743 2879 798 2934 qua
819 2867 910 2920 nocte.

116 2952 146 3006 ln
162 2957 241 3007 nocte
255 2964 354 3022 passus
369 2949 403 3003 ad
418 2948 507 3004 lucem
522 2949 729 3004 resurrectionis
743 2949 825 3005 venit.

150 3039 236 3094 Vens.
251 3040 297 3095 at.
314 3069 348 3078 -
363 3038 467 3109 Fregit.
488 3037 518 3091 In
540 3045 711 3092 sacramento
729 3036 846 3119 scilicet,
868 3053 912 3094 se-

114 3127 232 3182 cundum
253 3127 326 3197 quod
346 3126 489 3182 videbatur
509 3134 536 3180 et
554 3125 690 3197 integrum
714 3143 776 3181 esse
798 3106 951 3182 andeli-C

116 3216 167 3270 bus
181 3214 350 3271 credebatur.
373 3216 461 3270 Unum
474 3215 600 3269 omnibus
614 3214 698 3280 dedit,
723 3223 751 3269 ut
766 3215 793 3269 in
808 3215 910 3271 unitate

113 3312 305 3375 permanerent
321 3321 329 3358 ι
345 3304 393 3358 scd
413 3320 474 3359 cum
494 3304 583 3377 fregit,
608 3312 786 3374 spontaneam
805 3305 911 3375 passio·

113 3408 176 3448 nom
191 3408 268 3448 suam
283 3393 411 3449 ostendit.

150 3510 233 3564 Vnae.
254 3511 299 3565 26.
324 3540 358 3549 —
383 3508 616 3582 Quotiescunque.
638 3509 756 3580 Exponit
778 3509 805 3563 iu
829 3524 909 3581 quam

112 3598 210 3653 Christi
225 3598 522 3665 commemorationem,
548 3606 665 3653 mortem
680 3597 792 3652 scilicet.
817 3599 909 3654 Donec

111 3687 216 3744 neunt.
242 3685 311 3755 Quia
335 3687 386 3742 boc
406 3701 460 3741 non
479 3685 626 3743 mutabitur
649 3686 718 3741 sieut
739 3694 909 3743 sacramenta

110 3774 278 3830 iudaeorum.

149 3864 235 3918 Vens.
249 3865 293 3919 at.
310 3887 346 3908 -ι
360 3862 486 3933 ludique.
503 3862 564 3916 Nou
580 3861 644 3933 quia
656 3861 801 3917 manducat
810 3861 908 3934 aliquis

112 3968 167 4007 non
186 3951 220 4006 ad
243 3951 367 4018 salutem,
387 3951 450 4005 ideo
469 3950 558 4004 minus
578 3957 620 4005 est
636 3965 734 4021 corpus
749 3958 776 4005 et
796 3950 908 4023 sanguis

111 4041 185 4112 quod
200 4039 308 4109 accipit.

148 4129 232 4183 Vnae.
245 4131 290 4184 29.
306 4157 341 4167 -
356 4127 498 4183 Iudicium
512 4127 566 4181 sibi
579 4126 745 4182 ruurtducut.
771 4125 908 4194 Quaeritur

111 4217 248 4289 quomodo
264 4216 325 4281 hoc,
342 4231 404 4270 cum
420 4214 551 4270 Dominus
566 4214 639 4269 dicat
656 4232 662 4268 :
680 4215 733 4282 Qui
750 4216 908 4272 muudueut

110 4322 164 4372 me,
183 4307 242 4377 ipse
251 4306 447 4376 uiuetpropter
458 4307 526 4359 me?
541 4302 596 4359 Sed
610 4303 664 4358 duo
674 4303 819 4358 suntmodi
834 4318 908 4358 man·

110 4393 228 4450 ducendi
244 4411 251 4449 :
268 4409 338 4447 unus
359 4392 573 4461 sacramentalis,
598 4407 651 4463 quo
670 4392 832 4447 manducant
851 4399 906 4447 tam

111 4483 174 4538 boni
189 4498 271 4555 quam
286 4481 368 4548 mali;
385 4481 455 4536 alius
469 4480 618 4552 spiritualis

109 4572 162 4627 hoc
177 4579 218 4626 est
233 4556 287 4626 non
301 4570 389 4626 solum
404 4571 539 4626 Christum
555 4570 721 4626 manducare
737 4576 764 4624 et
778 4569 807 4623 in
822 4585 908 4624 sacra

110 4667 202 4713 mento
216 4659 275 4728 ejus
287 4675 387 4730 corpus
402 4658 537 4730 accipere,
556 4659 605 4726 sed
620 4658 648 4712 in
663 4658 722 4728 ipso
737 4672 859 4726 manere,
881 4665 908 4713 et

999 1893 1082 1947 Vnus.
1099 1896 1126 1949 ἲ.
1147 1923 1182 1933 -
1203 1892 1298 1949 Scitis.
1315 1892 1481 1962 Spiritualia,
1505 1893 1652 1949 tradituma
1664 1894 1732 1965 priora

963 1989 1167 2044 commemorat,
1185 1989 1214 2034 ut
1229 1980 1299 2035 sicut
1313 1980 1423 2036 luerunt
1433 1989 1499 2039 tunc
1509 1982 1603 2054 imago
1613 1982 1729 2051 idolorum,

962 2069 998 2124 ita
1012 2086 1084 2125 nunc
1099 2069 1153 2123 sint
1166 2068 1258 2142 imago
1273 2068 1332 2125 uei.

998 2185 1083 2239 Vens.
1100 2189 1126 2239 3.
1152 2214 1186 2225 -
1209 2184 1270 2240 ideo
1284 2187 1394 2241 uotum.
1420 2181 1491 2251 Quia
1509 2199 1560 2255 per
1575 2183 1676 2258 singula
1685 2186 1729 2241 cht-

962 2273 1072 2327 rismata
1087 2272 1242 2327 hominibus
1252 2273 1343 2344 magis
1354 2271 1470 2344 gloriam
1481 2287 1565 2343 quam
1576 2273 1632 2329 Deo
1645 2272 1728 2341 dabant,

961 2361 1116 2417 nescientes
1131 2362 1183 2417 hoc
1197 2376 1214 2415 a
1229 2360 1330 2431 Spiritu
1345 2367 1440 2416 sancto
1450 2360 1617 2427 ministram
1633 2361 1659 2415 iu
1670 2362 1728 2416 onni-

962 2451 1012 2504 bus
1036 2449 1154 2504 ostendit
1175 2448 1284 2504 laudem
1303 2449 1353 2504 Dei
1377 2463 1438 2504 esse
1452 2455 1480 2502 et
1495 2449 1623 2520 gratiam,
1644 2457 1669 2503 ut
1680 2448 1728 2505 sicut

962 2547 1025 2594 tunc
1046 2538 1139 2611 imago
1155 2537 1221 2593 idoli
1236 2546 1319 2593 totum
1334 2536 1435 2591 malum
1451 2535 1501 2591 luit
1524 2552 1559 2592 ex
1580 2537 1687 2608 homine,
1704 2537 1728 2591 ita

961 2642 1032 2681 nunc
1047 2643 1080 2680 ex
1096 2625 1198 2697 Spiritu
1213 2626 1265 2681 Dei
1279 2625 1371 2681 omniu
1386 2625 1458 2680 bona
1468 2625 1624 2681 credantur.
1634 2626 1728 2682 Neuris

961 2717 1076 2787 spiritu,
1094 2722 1146 2770 etc.
1163 2713 1322 2784 Cogitando,
1345 2713 1493 2784 loquendo,
1509 2713 1655 2785 operando.
1674 2711 1727 2768 luit

962 2803 1086 2869 similiter
1100 2801 1186 2857 tribus
1198 2801 1296 2869 modis,
1314 2801 1428 2871 scilicet,
1453 2801 1548 2868 corde,
1575 2817 1621 2858 ore
1634 2808 1659 2857 et
1669 2814 1727 2871 opere

961 2893 1106 2946 anatliema
1119 2891 1194 2958 Jesu,
1210 2891 1238 2945 id
1247 2898 1287 2945 cst
1296 2890 1415 2962 aliquam
1430 2890 1641 2962 separationem,
1656 2889 1727 2955 alesti,

961 2979 988 3033 id
1008 2987 1053 3033 est
1068 2978 1207 3051 quodlibet
1228 2985 1368 3050 peccatum
1385 2996 1392 3034 :
1408 2979 1487 3050 quasi
1504 2997 1511 3033 :
1528 2978 1677 3034 abstinetur
1692 2991 1726 3047 pu

963 3067 1084 3138 spiritum
1099 3083 1114 3122 a
1128 3066 1210 3122 malo.

998 3157 1058 3222 Nisi
1078 3156 1109 3210 iu
1127 3156 1236 3227 Spiritu
1254 3159 1362 3211 saucio.
1390 3153 1498 3223 Quasi:
1516 3154 1590 3210 Bene
1612 3151 1726 3226 operariet

962 3259 1042 3299 omne
1057 3243 1158 3298 homrm
1175 3252 1215 3297 ost
1230 3260 1280 3314 per
1295 3243 1423 3314 Spiritum
1439 3250 1575 3314 sanctum,
1589 3251 1615 3298 et
1628 3243 1726 3298 ideonu-

958 3333 1002 3400 j0r
1016 3347 1070 3386 non
1085 3331 1218 3401 despiciat
1235 3331 1377 3398 minorem,
1404 3332 1469 3404 quia
1488 3330 1556 3387 nihil
1575 3332 1654 3387 habet
1670 3328 1725 3384 nisit

962 3420 1063 3491 Spiritu
1079 3428 1183 3475 sancto.

997 3538 1081 3592 Vaas.
1099 3539 1125 3591 l.
1142 3566 1177 3576 -
1191 3537 1357 3593 divisiones.
1375 3536 1433 3593 Hoc
1447 3551 1594 3594 commuue
1607 3535 1724 3594 omnibus:

962 3625 1010 3681 sed
1021 3625 1114 3697 gratia
1125 3624 1300 3693 suntdirisee,
1316 3641 1351 3680 ne
1361 3626 1449 3681 minor
1459 3625 1589 3699 desperet
1600 3645 1607 3681 :
1617 3622 1724 3692 aendor,

962 3714 1025 3768 dum
1041 3714 1115 3769 audit.
1129 3713 1238 3785 gratim,
1254 3714 1402 3784 superbiat.

998 3831 1081 3885 Vsus.
1099 3834 1124 3885 6.
1141 3860 1176 3871 -
1188 3831 1263 3886 idern
1278 3831 1439 3887 erroneus.
1456 3831 1515 3887 lloc
1530 3832 1576 3901 ait,
1591 3847 1625 3888 ne
1638 3829 1724 3887 Patercl

962 3918 1045 3974 Filius
1060 3926 1086 3974 et
1102 3917 1220 3990 Spiritus
1235 3925 1346 3974 sanctus
1361 3918 1416 3974 alia
1430 3920 1581 3990 separatim
1596 3915 1686 3991 operui
1696 3912 1723 3967 ιι-

962 4008 1087 4075 deantur,
1105 4023 1137 4063 ex
1153 4024 1185 4063 co
1201 4007 1274 4080 quod
1290 4008 1400 4079 Spiritui
1411 4008 1524 4079 gratiaS,
1542 4017 1569 4065 et
1582 4008 1684 4065 Domino
1693 3998 1724 4057 uti·

962 4095 1144 4165 nistrationeS,
1161 4105 1188 4150 et
1202 4097 1260 4152 Deo
1275 4095 1449 4167 operationes
1460 4106 1647 4168 supposuerat,
1660 4087 1723 4150 cnut

962 4183 1084 4239 reserens
1104 4186 1139 4239 ad
1162 4201 1245 4239 unum
1265 4187 1352 4240 Deum
1371 4185 1463 4240 subdit
1484 4203 1490 4239 :
1514 4186 1585 4254 Quin
1603 4187 1667 4244 neu
1682 4192 1723 4252 tui·

963 4277 1053 4329 ratur.
1068 4273 1169 4330 Oruuiu
1178 4275 1209 4328 iu
1219 4274 1357 4330 omnibus.
1369 4273 1431 4327 Non
1440 4273 1487 4328 uni
1498 4261 1723 4341 omnintnbmpd

962 4362 990 4416 iu
1004 4361 1130 4416 omnibus
1145 4363 1236 4417 omnia
1251 4371 1388 4433 operatur,
1402 4370 1432 4416 ut
1446 4362 1520 4434 quod
1536 4378 1592 4418 non
1605 4361 1674 4418 habet
1684 4350 1724 4428 quia

622 4524 628 4548 ‚
646 4496 700 4551 quo
714 4481 764 4536 5011
779 4480 852 4536 boni·
876 4470 946 4536 Em
961 4450 1048 4593 in'lsctra,
1072 4450 1171 4506 lrabeat
1185 4451 1213 4504 in
1228 4450 1290 4518 alio,
1316 4458 1343 4505 ct
1357 4450 1397 4506 sic
1411 4459 1520 4506 maneat
1535 4451 1649 4507 charitas
1661 4455 1682 4503 et
1692 4444 1725 4498 hu·

961 4556 997 4594 ml
1010 4557 1017 4592 Ι
1048 4556 1069 4592 S.

996 4653 1122 4714 Vaas.,7.
1140 4682 1174 4692 -
1191 4652 1354 4724 Unicuique.
1372 4649 1467 4708 Divisa
1481 4659 1545 4707 sunt
1560 4651 1639 4721 bona,
1654 4656 1677 4706 et
1687 4655 1726 4702 rou

110 4746 213 4802 habere
235 4746 323 4817 ipsum
346 4747 374 4801 iu
396 4763 425 4802 se
445 4753 608 4801 manentem.
633 4745 815 4817 Spiritualiter
835 4745 907 4800 enim
959 4740 994 4796 ad
1009 4739 1133 4795 meritum
1148 4739 1263 4810 alicujus
1278 4739 1453 4812 singulariter
1467 4739 1575 4811 dantur,
1593 4740 1640 4797 sed
1652 4729 1729 4794 adul·

110 4835 266 4904 manducat,
283 4835 328 4907 qui
343 4835 370 4889 iu
385 4835 487 4891 unitate
503 4835 634 4891 Ecclesiae
649 4834 744 4906 (quam
759 4834 848 4907 ipsum
863 4850 908 4891 sa·
958 4829 1060 4884 litatem
1072 4827 1238 4884 {edificanda}
1252 4828 1393 4884 Ecclesia.
1411 4828 1575 4900 Accepimus
1590 4837 1617 4887 et
1630 4843 1675 4884 uos
1687 4816 1730 4893 Sti·

110 4931 280 4980 crameutum
295 4922 442 4995 significat)
465 4930 566 4979 manet.
591 4924 661 4978 Nam
680 4923 725 4995 qui
740 4922 908 4979 discordata
958 4918 1040 4973 ritum
1056 4925 1189 4984 sanctum,
1214 4917 1237 4972 si
1252 4933 1375 4972 mamus
1389 4916 1555 4987 Ecclesiam,
1581 4917 1605 4973 si
1628 4914 1743 4974 camut.

109 5011 228 5080 Christo,
243 5027 294 5067 nec
308 5027 415 5066 carnem
431 5011 531 5067 Christi
544 5012 698 5077 manducat,
726 5027 779 5068 nec
793 5011 907 5085 sangui-
957 5007 1192 5080 compaginamur,
1219 5007 1242 5061 si
1265 5006 1398 5063 catholico
1411 5006 1524 5063 nominc
1538 5014 1566 5063 et
1580 5005 1633 5064 lide
1649 5002 1733 5078 {raude⁴

110 5115 174 5156 nem
187 5099 263 5167 bibit,
280 5099 331 5155 etsi
346 5107 426 5155 tantae
440 5099 482 5155 rei
496 5109 699 5156 sacramentum
717 5101 751 5156 ad
776 5099 907 5170 judicium
958 5113 1028 5152 mus.
1046 5097 1204 5166 Credamus,
1220 5095 1327 5167 iratres,
1343 5103 1474 5168 quantum
1490 5095 1608 5168 quisque
1623 5101 1690 5151 amat
1701 5089 1734 5149 Bu

112 5187 232 5260 quotidie
247 5196 346 5243 sumat.
957 5185 1068 5242 clesiam
1083 5185 1192 5251 Christi,
1209 5193 1313 5240 tantum
1327 5183 1409 5240 habet
1424 5183 1560 5255 Spiritum
1573 5191 1701 5241 sanctum.

145 5295 231 5350 Vnus.
247 5298 291 5349 30.
308 5326 343 5336 -
358 5295 421 5351 Ideo
435 5295 513 5351 inter
527 5312 581 5354 uos.
599 5296 657 5352 Hoc
672 5294 701 5351 lu
715 5296 750 5351 ad
764 5296 908 5352 correctio
993 5301 1077 5356 Vnus.
1095 5303 1120 5353 8.
1132 5330 1167 5340 -
1177 5299 1338 5371 Sapientiae.
1351 5296 1490 5369 Sapientia
1499 5306 1542 5354 cst
1551 5298 1581 5354 in
1591 5294 1737 5369 contempit·

111 5399 175 5439 nem
189 5383 313 5438 aliorum·
957 5391 1029 5445 tione
1047 5398 1222 5444 aeternorum.
1244 5387 1360 5443 Solantia
1380 5386 1407 5441 in
1427 5385 1537 5442 actione
1555 5385 1739 5459 temporalium·

147 5473 232 5528 Vens.
245 5476 288 5529 32.
301 5473 595 5545 -Dumjudieumur,
608 5482 661 5530 etc.
678 5473 790 5529 Eisdem
804 5473 851 5545 qui
860 5490 907 5545 pa-
956 5479 1034 5534 Unde
1049 5477 1076 5532 iu
1090 5478 1142 5533 Job
1159 5495 1165 5531 :
1182 5478 1250 5532 Ecce
1259 5478 1363 5548 pictur.
1380 5476 1411 5529 ld
1421 5483 1472 5542 est,
1485 5474 1587 5545 cultus,
1603 5476 1654 5533 Dei
1665 5479 1743 5533 utu

110 5562 214 5620 tiuntur
227 5561 309 5617 etiam
323 5577 405 5632 poena
419 5561 541 5634 propria,
556 5572 598 5619 est
610 5562 758 5636 aliquando
768 5564 904 5637 purgatio,
953 5568 1074 5640 pientia,
1087 5567 1132 5637 qui
1144 5565 1238 5621 crece
1250 5565 1400 5621 theosebio.
1414 5565 1448 5619 Et
1458 5564 1521 5635 quis
1531 5564 1578 5622 hic
1586 5565 1680 5621 cultus
1689 5564 1744 5635 eju

112 5660 141 5708 ut
154 5651 295 5724 propbeta
309 5651 397 5721 Addo,
423 5652 468 5724 qui
482 5651 634 5723 prohibitus
649 5652 767 5708 comedit
784 5669 790 5707 :
807 5654 853 5725 qui
867 5653 907 5709 vi·
957 5656 1010 5712 nisi
1023 5670 1101 5712 amor
1115 5663 1142 5711 et
1157 5653 1277 5727 cognitio
1294 5653 1378 5723 ejus?
1391 5652 1533 5711 abstinere
1546 5661 1643 5712 autem
1655 5671 1673 5711 a
1684 5649 1748 5710 malla
