3772 6112
401 137 605 195 westfalai
619 137 741 195 STRABl
755 135 857 194 FULD.
871 132 958 193 uolt.
968 131 1044 191 ΟΡΡ.
1055 131 1146 191 Paos
1158 132 1182 189 1.
1195 158 1243 174 -··
1255 128 1494 188 THEOLotitun.

164 263 198 321 ni
211 265 289 331 Deo3
304 263 349 321 vel
358 263 398 320 sic
414 281 421 318 :
436 271 465 318 ει
479 262 651 320 consessione
666 270 692 317 et
711 261 859 333 gratiarum
869 261 957 324 ac-A
972 257 1069 331 quibus
1084 271 1265 331 agnoscemus
1271 270 1333 310 eum
1347 253 1375 309 ia
1389 252 1491 310 laturo.
1503 251 1706 311 Oceanum.
1714 248 1774 307 No-

159 369 201 410 me
214 353 285 410 sicut
298 352 382 418 Patri,
399 352 436 407 ita
452 361 478 407 et
497 352 565 406 Filio
580 349 787 407 honorificentia
802 365 924 406 reserve-

153 459 179 510 r,
196 448 224 497 et
246 441 337 499 omnia
360 457 421 514 queo
435 457 450 494 a
466 442 523 496 Deo
547 441 627 495 Patre
651 448 729 504 sunt,
754 455 805 510 per
827 439 924 494 Filium

147 536 199 587 tcta
212 537 240 586 et
253 537 404 587 restaurata
418 530 575 597 credantur,
591 537 621 584 ut
635 527 668 584 sit
690 528 773 601 plena
787 527 923 601 professio

141 617 276 675 ivinitatis
289 619 317 674 in
331 617 514 674 erodentibus.

162 709 249 766 Vsus.
264 711 309 766 21).
329 738 364 748 -
378 710 481 764 Poteras
491 711 534 763 ert
548 709 645 764 amaia
654 710 757 778 facere,
770 714 822 763 etc.
834 706 862 761 ln
871 707 924 764 hac

129 797 190 857 sunt
203 796 326 870 quadan
342 813 401 868 quae
414 811 495 852 nemo
510 796 611 868 alioqui
621 804 725 867 poteret
736 795 779 852 vel
789 796 923 869 intellige-

130 894 181 955 ret,
197 894 227 942 ut
242 885 316 958 quod
332 884 405 941 Deus
428 886 511 942 homo
524 900 575 957 pro
594 884 750 941 hominibus
769 892 925 941 moreretur

127 983 155 1033 et
163 973 318 1045 hujusmodi
328 973 392 1030 alia.

419 1132 542 1190 CAPUT.
558 1133 603 1189 lv.

160 1279 247 1336 Vsus.
262 1282 288 1335 1.
313 1305 349 1320 ·-
375 1277 498 1334 Obsecro.
525 1276 662 1333 Hactenus
684 1275 802 1332 ostendit
835 1275 925 1331 omnia

127 1367 225 1443 gratia
248 1367 440 1437 attribuenda,
456 1365 522 1423 hinc
536 1366 570 1422 de
585 1366 714 1421 moribus
729 1373 834 1432 monet,
849 1365 924 1437 prius

127 1471 225 1514 onmes
239 1457 430 1522 communiter,
446 1463 508 1527 post
521 1471 571 1526 por
595 1455 718 1528 singulos
732 1454 851 1510 ordines.

163 1547 250 1604 vnns.
266 1550 293 1604 2.
320 1576 354 1587 -
369 1547 401 1601 lrr
427 1545 577 1601 elediata.
603 1543 699 1615 (Auo.)
712 1544 774 1613 lpsa
789 1550 830 1597 εει
852 1542 925 1598 enirn

131 1634 201 1692 ectio
222 1635 290 1691 recti
313 1634 434 1701 itineris,
450 1650 511 1705 quae

132 1724 231 1780 Deum.
247 1723 320 1778 'l'alis
335 1723 405 1778 actio
430 1738 482 1777 noc
505 1720 639 1792 frangitur
653 1721 780 1792 negotio,
797 1735 848 1777 nec
866 1727 926 1775 tur·

129 1811 242 1868 omenta
255 1821 306 1877 est,
318 1827 370 1868 nee
382 1810 516 1878 marcida,
534 1825 584 1865 neo
596 1808 693 1876 audax,
706 1825 757 1866 noc
768 1808 861 1882 sagax,
874 1824 926 1865 nec

127 1916 262 1974 preceps,
278 1916 330 1956 neo
340 1901 446 1969 iacens.

163 1988 247 2046 Vsus.
264 1993 290 2043 3.
307 2017 341 2031 -
355 1990 388 2044 la
402 1989 515 2044 Macelo
536 1988 625 2061 pacis.
643 1987 673 2042 ld
687 1997 729 2042 est
751 2002 848 2059 paoem
864 2003 925 2043 ser·

128 2086 235 2135 rantes.
260 2078 325 2134 llaeo
348 2084 439 2133 autem
462 2093 517 2148 pax
539 2085 589 2146 ost,
607 2077 629 2131 si
651 2085 764 2148 peccata
787 2093 848 2147 quae
867 2076 926 2132 sine

128 2167 230 2239 damno
252 2166 332 2221 tritici
347 2173 393 2220 aut
411 2181 471 2221 cum
505 2181 553 2237 spo
577 2165 674 2220 salutis
697 2165 925 2238 corrigendorum
1012 2215 1017 2227 ,

128 2255 262 2313 eradicari
291 2270 346 2310 non
360 2261 483 2326 possunt,
509 2254 646 2326 usquead
670 2270 789 2310 messem
803 2253 925 2309 ultimam
993 2304 999 2314 ‚

128 2344 287 2413 toleramus,

163 2433 249 2490 Vane.
260 2437 286 2489 5.
300 2434 375 2491 Unus
385 2434 532 2488 Dominus.
545 2431 774 2488 Debotisservare
783 2432 923 2500 unitatem,

129 2522 194 2597 quia
208 2522 288 2578 nobis
302 2530 344 2577 εει
359 2538 429 2576 εεεε
443 2521 586 2589 Dominus,
604 2536 658 2575 non
673 2529 730 2577 tres
743 2536 795 2593 pro
810 2537 925 2593 quorum

127 2610 244 2669 dirersis
268 2610 451 2668 voluntatibus
474 2625 522 2665 vos
553 2617 676 2681 oporteat
700 2609 866 2666 discordare.
891 2611 925 2666 Et

127 2700 201 2757 idem
212 2699 345 2770 jubemini
360 2699 481 2766 credere,
499 2706 525 2754 et
545 2699 642 2754 eodem
664 2697 746 2754 modo
759 2697 879 2769 operari.
891 2699 925 2753 Et

127 2789 207 2847 vobis
221 2796 263 2846 est
285 2790 355 2845 inus
372 2789 447 2845 Deus
461 2795 568 2844 creator
587 2787 707 2842 omnium
721 2795 748 2842 ot
765 2794 843 2857 pater
856 2802 924 2859 pro-

129 2877 251 2936 curando
277 2884 327 2934 :et
350 2877 412 2933 ideo
435 2892 516 2932 nemo
538 2884 629 2946 potest
646 2875 767 2931 sealteri
783 2874 922 2946 praeferre.

131 2968 192 3037 Qut,
209 2967 293 3033 Deus,
310 2970 352 3023 εει
366 2981 453 3038 super
464 2981 570 3032 omncs,
588 2964 615 3019 id
635 2973 676 3019 ost
689 2962 821 3036 praeeeltit
837 2963 961 3055 omnes}

127 3054 180 3111 bus
193 3054 334 3123 creaturis,
351 3054 427 3124 cujus
442 3053 561 3126 dignitas
574 3068 624 3108 vos
639 3052 742 3119 invitet,
758 3057 787 3110 ct
800 3069 851 3125 per
865 3069 927 3110 om-

129 3145 180 3200 nia
201 3141 328 3209 diffusus,
345 3142 409 3214 quia
435 3142 543 3214 ubique,
561 3149 588 3197 et
610 3141 673 3196 ideo
692 3141 848 3209 timendus3
864 3157 926 3199 oum

129 3247 262 3306 nusquam
286 3231 374 3303 possit
388 3229 495 3287 evitari.
519 3233 555 3286 at
578 3231 610 3286 ia
628 3233 756 3289 omnious
775 3232 863 3297 aclis,
878 3247 929 3303 per

128 3320 303 3396 gratiam,qui
318 3321 450 3376 unitatem
465 3336 616 3376 servamus.
632 3320 667 3375 Et
683 3319 723 3376 sio
737 3335 793 3376 non
808 3320 928 3394 singula·

127 3411 193 3465 riter
208 3409 242 3466 de
256 3424 311 3465 una
325 3424 459 3480 persona,
476 3408 525 3465 sed
549 3409 729 3466 communiter
739 3409 774 3465 de
789 3409 926 3476 omnibus,

128 3498 208 3555 idest
223 3498 257 3554 de
272 3497 402 3554 Trinitate
416 3497 469 3554 hoc
484 3497 624 3570 accipitur.
645 3500 705 3558 Una
718 3498 797 3568 fides.
810 3499 872 3555 Non
882 3515 930 3553 nu·

128 3603 215 3657 mero,
232 3587 281 3644 sed
292 3602 408 3662 gauere,
421 3587 484 3660 quia
494 3587 591 3643 similis
605 3587 633 3642 in
647 3587 785 3645 omnibus.

163 3678 249 3735 Vsus.
262 3679 288 3733 8.
307 3677 452 3751 Captivam
466 3677 550 3733 duait
565 3678 770 3750 captiuitatem.
783 3677 813 3732 ld
827 3684 869 3732 est
883 3692 930 3733 eos

130 3781 200 3839 quos
222 3765 349 3823 diabolus
372 3766 554 3838 captivaverat
570 3780 586 3820 a
604 3765 744 3837 paradiso,
761 3774 788 3821 ει
802 3765 931 3837 proprios

16 3852 21 3857 '
93 3926 96 3932 .
128 3854 224 3910 mundi
239 3862 265 3910 ει
279 3854 378 3912 inlemi
394 3854 505 3921 iecerat,
521 3854 620 3910 iterum
635 3854 758 3926 captivos
778 3853 841 3910 lecit
857 3853 933 3910 Chri·

130 3952 199 4013 stus,
216 3943 281 3999 dum
296 3943 331 3998 ad
346 3943 445 3999 coelum
461 3942 636 3999 reducuntur.

165 4032 248 4087 Vsus.
267 4034 310 4086 11.
326 4060 361 4071 -
376 4034 414 4088 Pr
424 4031 550 4104 opletas.
572 4031 689 4102 (duaa.)
703 4032 733 4086 ln
743 4032 822 4087 Novo
835 4032 931 4087 Testa·

130 4129 394 4201 mento,propl1etae
416 4128 543 4185 dicuntur
566 4128 753 4199 explanatores
779 4129 933 4201 Scriptura·

133 4234 203 4287 rum,
216 4225 307 4274 tamen
322 4215 432 4273 suerunt
447 4216 558 4289 quidam
568 4215 595 4272 in
605 4216 757 4288 primordio
767 4215 832 4274 lidei
843 4216 934 4273 lutura

132 4306 324 4380 praedicentes,
339 4304 409 4362 sicut
423 4306 546 4380 Agabus,
558 4315 717 4379 septemque
732 4304 795 4363 liliae
804 4305 930 4379 Philippi.

975 345 1017 401 bis
1049 345 1168 402 invicem
1193 344 1227 400 de
1250 342 1367 400 diversis
1381 341 1477 398 mundi
1493 339 1638 414 partibus,
1654 338 1701 397 vel
1722 338 1774 413 ipsi

974 435 1095 501 Christo,
1111 433 1190 505 quasi
1214 431 1352 488 desiderio
1375 438 1518 487 curreutes
1531 429 1569 486 ad
1582 428 1774 502 gradiamur

973 526 1068 580 ciram
1080 525 1252 596 perfeetum.
1268 521 1303 577 Ut
1325 519 1512 592 unusquisque
1534 519 1570 574 sit
1580 517 1622 573 vir
1635 514 1774 590 perlectus

974 611 1120 668 athabeos
1134 610 1260 667 eamdem
1272 615 1391 684 reatem,
1405 623 1465 680 qaae
1475 614 1516 663 est
1525 620 1658 663 mensura
1667 613 1695 663 et
1702 612 1776 661 meta

973 710 1069 777 aetatis,
1086 709 1158 764 ultra
1172 723 1256 782 quam
1269 722 1325 762 non
1348 705 1484 763 accrescit
1496 704 1601 778 aliquid
1615 702 1775 760 naturaliter

973 797 1136 855 homini2in
1148 813 1201 870 qua
1224 803 1303 852 aetate
1330 795 1454 851 Christus
1463 788 1556 851 habuit
1577 791 1775 865 plenitudinem

973 902 1108 943 annorum
1118 892 1144 943 et
1157 885 1290 957 corporis,
1307 883 1336 939 in
1349 900 1402 956 qua
1416 883 1513 943 dehoc
1527 882 1631 939 mundo
1640 880 1773 937 transivit.

975 976 1077 1031 Omnes
1100 974 1174 1031 enim
1195 975 1224 1030 in
1239 972 1336 1029 eadem
1358 971 1559 1043 resurgentia
1576 985 1632 1044 qua
1649 969 1774 1026 Christus

974 1072 1097 1120 mortuus
1111 1071 1153 1120 est
1174 1071 1201 1119 et
1224 1061 1381 1132 resurrexit,
1397 1061 1585 1133 cuiuscunque
1598 1059 1689 1117 ιειειιε
1702 1073 1775 1115 mor·

974 1153 1013 1207 tui
1028 1151 1138 1208 fuerim.

1013 1242 1099 1297 vans.
1117 1243 1197 1296 111-
1209 1239 1346 1296 Caristia.
1363 1239 1467 1295 Unctus
1482 1236 1582 1294 dicitur
1594 1235 1670 1293 Etin
1682 1235 1775 1293 Veteri

974 1330 1149 1385 Testamento
1168 1343 1248 1400 reges
1271 1327 1452 1402 ungebantur.

1010 1419 1094 1474 Vsus.
1104 1418 1244 1474 l7.-lloc
1258 1416 1538 1489 igitar.ddmonetut
1550 1422 1668 1472 caveant
1682 1428 1774 1470 acon·

972 1506 1115 1561 suetudine
1130 1505 1249 1578 antiquae
1260 1504 1436 1577 gentilitatis3
1454 1503 1532 1576 quasi
1556 1503 1686 1559 diceret:
1706 1500 1773 1572 Quia

534 1633 629 1688 oeulos
653 1648 762 1702 semper
784 1632 867 1688 habet
889 1633 924 1687 ad
938 1594 1049 1686 BDeus
1064 1601 1103 1650 tot
1118 1594 1218 1650 auxilia
1232 1595 1268 1649 ad
1283 1593 1436 1650 custodiam
1450 1592 1525 1647 dedit
1537 1592 1660 1661 uniatis,
1676 1592 1775 1664 etquis

976 1699 1103 1740 crescere
1117 1683 1232 1755 potestis
1247 1691 1274 1738 ει
1288 1683 1314 1738 ai
1328 1682 1548 1755 occurretis,ego
1563 1681 1637 1749 dico,
1653 1696 1709 1738 non
1728 1681 1776 1737 ob·

975 1788 1055 1829 secro
1069 1779 1099 1827 ut
1116 1772 1203 1844 prius.

1011 1862 1094 1917 Vnae.
1112 1864 1157 1916 18.
1175 1891 1210 1901 -
1231 1861 1426 1918 Obscurotom.
1437 1860 1498 1916 Nou
1530 1875 1626 1931 parum
1640 1875 1647 1916 :
1663 1866 1690 1915 et
1713 1858 1775 1915 ideo

974 1950 1064 2005 minus
1077 1950 1175 2005 mimm
1189 1957 1230 2004 est
1244 1950 1267 2004 si
1280 1950 1307 2004 in
1318 1948 1582 2005 vanitateambalant
1591 1947 1683 2019 potius
1693 1963 1774 2020 quam

974 2053 1023 2096 vos
1038 2038 1084 2112 qui
1098 2038 1164 2095 estis
1178 2037 1329 2105 illuminati,
1346 2045 1373 2093 et
1386 2053 1462 2108 spem
1477 2036 1583 2092 habetis
1596 2037 1668 2093 vitae.

1010 2128 1109 2185 Avila
1122 2128 1182 2184 Dei.
1199 2128 1266 2182 Duae
1285 2133 1348 2183 sunt
1361 2126 1423 2183 vitae
1439 2144 1446 2181 ε
1462 2142 1515 2182 εεε
1535 2125 1670 2197 corporis,
1694 2125 1777 2182 altera

974 2232 1089 2284 anrmae3
1105 2223 1132 2272 et
1146 2215 1215 2271 sicut
1228 2215 1282 2272 vita
1297 2215 1420 2288 corporis
1433 2222 1476 2271 est
1499 2214 1596 2282 anima,
1616 2213 1656 2270 sia
1679 2214 1778 2272 aalma

974 2312 1027 2361 vrta
1050 2312 1091 2361 est
1115 2306 1188 2362 Deus
1205 2323 1212 2360 :
1228 2313 1254 2360 et
1267 2303 1404 2377 quomodo
1418 2304 1442 2359 si
1453 2304 1542 2359 anima
1555 2303 1672 2370 deserat,
1690 2303 1777 2360 mori-

975 2401 1017 2449 tur
1039 2408 1148 2466 corpus,
1176 2393 1216 2450 sic
1242 2393 1331 2448 anima
1359 2392 1488 2459 moritur,
1514 2392 1538 2448 si
1565 2392 1674 2448 deserat
1693 2392 1776 2450 Deus.

974 2481 1072 2538 Anima
1096 2482 1227 2538 recedens
1241 2498 1256 2536 a
1269 2482 1329 2538 luce
1346 2481 1462 2552 iustitia,
1480 2482 1684 2553 quantomagis
1698 2498 1776 2554 qnae·

974 2571 1009 2626 rit
1024 2571 1096 2644 quod
1110 2570 1228 2627 inveniat
1242 2581 1336 2628 contra
1347 2569 1486 2641 justitiam,
1503 2578 1577 2626 tauto
1590 2569 1654 2641 plus
1666 2569 1776 2641 repelli·

972 2670 1016 2717 tur
1028 2675 1044 2714 a
1058 2659 1160 2715 lumine
1173 2659 1300 2723 veritatis,
1318 2667 1344 2715 ει
1359 2659 1387 2714 in
1401 2658 1555 2715 tenebrosis
1565 2658 1743 2730 demergitur.

1008 2766 1093 2822 Vane.
1111 2770 1154 2821 19.
1173 2795 1207 2808 -
1227 2769 1424 2840 desperantes.
1441 2765 1490 2822 Vel
1504 2765 1639 2832 indolorii,
1655 2764 1732 2838 quod
1746 2780 1778 2820 ex

976 2853 1074 2911 Graeoo
1087 2855 1205 2921 tmhitur,
1223 2854 1305 2910 idest
1320 2855 1354 2910 de
1368 2861 1481 2926 peceato
1496 2869 1551 2910 non
1566 2853 1706 2910 dolentes.

1013 2961 1098 3017 vans.
1109 2963 1154 3018 21.
1170 2990 1205 3002 -
1227 2961 1306 3019 Sicut
1328 2962 1444 3017 veritas.
1460 2960 1518 3017 lloa
1530 2959 1593 3015 ideo
1606 2959 1671 3016 dicit
1688 2976 1695 3015 ε
1714 2960 1776 3035 quia

977 3057 1039 3105 sunt
1054 3049 1164 3122 quidam
1178 3049 1204 3104 in
1219 3049 1342 3105 Ecclesia
1361 3049 1405 3121 qui
1421 3048 1470 3104 sub
1484 3049 1593 3104 nomine
1609 3049 1710 3104 Christi
1725 3064 1778 3104 non

976 3145 1126 3211 sequuntur
1140 3138 1280 3194 veritatem
1296 3154 1377 3210 quam
1392 3137 1516 3193 Christus
1531 3137 1632 3193 docuit.

1011 3236 1096 3290 vans.
1108 3238 1152 3294 22.
1168 3266 1204 3276 -
1219 3235 1363 3308 deponite.
1389 3235 1450 3291 Nou
1472 3234 1547 3304 jubet
1562 3243 1590 3289 ut
1605 3250 1707 3306 eorpus
1723 3235 1773 3291 de-

977 3332 1102 3397 ponatur,
1119 3324 1167 3379 sed
1182 3332 1210 3378 ut
1224 3323 1278 3378 vita
1305 3323 1333 3378 in
1359 3324 1456 3380 melius
1482 3331 1608 3379 mutetur.
1642 3325 1777 3382 Veterem.

977 3414 1039 3470 Non
1052 3412 1119 3467 nulli
1132 3419 1227 3485 putant
1242 3411 1314 3484 quod
1328 3420 1405 3469 vetus
1418 3413 1499 3468 homo
1513 3426 1612 3483 corpus
1626 3411 1670 3480 sit,
1688 3420 1714 3468 et
1728 3428 1780 3469 uo·

978 3517 1031 3558 vus
1046 3502 1135 3557 anima
1152 3501 1220 3568 ;sed
1235 3501 1462 3573 corpusexterior
1476 3500 1558 3556 homo
1577 3509 1630 3568 est,
1640 3501 1734 3559 aniam
1743 3501 1781 3557 iu·

979 3591 1063 3648 terior
1080 3609 1087 3647 t
1104 3599 1129 3647 et
1144 3590 1172 3646 in
1187 3590 1311 3646 interiori
1325 3589 1478 3664 agiturhaec
1492 3597 1613 3646 vetustas
1627 3597 1653 3648 et
1661 3591 1776 3647 novitas.

1014 3681 1100 3736 lans.
1110 3683 1154 3738 23.
1171 3710 1206 3722 -
1228 3679 1338 3754 Spiritu
1359 3680 1474 3737 canto.
1499 3680 1560 3734 Non
1583 3679 1621 3734 ihi
1643 3678 1714 3736 duas
1736 3696 1779 3736 res

979 3768 1092 3842 intelligi
1109 3768 1191 3825 voluit
1213 3768 1358 3840 Apostolus
1373 3768 1449 3840 quasi
1464 3766 1537 3822 aliud
1552 3767 1586 3823 sit
1600 3783 1688 3835 meus,
1707 3768 1777 3824 aliud

981 3857 1093 3929 spiritus
1112 3856 1221 3923 mentis,
1238 3857 1287 3913 sod
1307 3856 1371 3928 quia
1393 3870 1471 3914 meus
1486 3856 1594 3927 spiritus
1608 3865 1660 3911 est.
1686 3856 1780 3914 Simile

981 3947 1136 4002 dictumest
1154 3961 1159 4000 :
1177 3947 1209 4001 la
1220 3946 1426 4019 exspoliatione
1441 3944 1679 4019 eorporiaearrtis,
1696 3944 1779 4002 idest

982 4034 1070 4091 carnis
1084 4051 1144 4107 quae
1154 4048 1252 4106 corpus
1269 4041 1319 4091 est.
1336 4035 1411 4089 lions
1426 4048 1501 4106 ergo,
1518 4032 1562 4088 vel
1586 4032 1664 4099 ratio,
1681 4033 1780 4112 velin-

981 4123 1140 4196 telligeatia,
1158 4123 1249 4197 imago
1265 4123 1314 4179 Dei
1329 4131 1379 4190 est,
1393 4121 1643 4195 quapraeesthomo
1653 4121 1778 4179 aaetems:

983 4213 1028 4286 qui
1042 4220 1148 4269 creatus
1163 4212 1191 4267 in
1213 4211 1351 4284 agnitione
1375 4211 1434 4277 Dei,
1449 4218 1593 4284 postquam
1607 4219 1722 4283 peccato
1737 4210 1781 4267 de·

984 4302 1074 4375 sipuit,
1104 4301 1131 4355 in
1151 4302 1246 4358 eadem
1261 4308 1415 4368 renovatur,
1438 4310 1466 4355 ut
1490 4300 1601 4373 incipiat
1613 4299 1666 4374 ¹illa
1689 4300 1780 4373 imago

170 4405 363 4478 Euangelisiar
378 4402 431 4473 Qui
446 4411 472 4459 et
491 4402 610 4474 diaconi,
626 4403 691 4475 quia
707 4403 758 4459 etsi
768 4420 822 4460 non
839 4419 928 4462 sacer·
984 4391 1019 4447 ⁸1)
1033 4391 1080 4447 111⁰
1095 4390 1245 4458 1610111811»
1263 4406 1343 4462 aquo
1358 4387 1472 4445 s⁰i¹¹¹⁸²⁸
1495 4398 1546 4446 esl-

138 4493 227 4561 dotes,
243 4502 334 4549 ιειεεε
347 4493 537 4567 evangelizare
557 4500 681 4565 possunt.

170 4612 258 4666 Vens
272 4613 315 4668 12.
327 4640 362 4651 -
372 4613 404 4667 la
420 4628 489 4686 opor
503 4611 669 4668 miaiaierii.
687 4608 742 4668 llos
757 4619 848 4667 autem
858 4610 933 4668 dedit

134 4711 161 4765 in
186 4725 256 4781 opus
279 4708 432 4777 ministerii,
458 4709 614 4783 utquisque
636 4709 716 4781 plene
738 4707 825 4781 possit
840 4708 932 4766 facere

138 4824 208 4880 opus
221 4807 430 4865 ministrationis
450 4809 502 4864 sibi
526 4809 646 4867 creditae.
663 4809 694 4866 Si
710 4810 782 4867 enim
797 4826 867 4866 unus
881 4810 934 4867 ha·

136 4898 214 4953 beret
228 4896 328 4965 omnia,
343 4912 399 4954 aon
418 4895 540 4969 perfecte
559 4907 653 4973 ageret
669 4898 790 4973 singula.
810 4900 851 4956 dd
864 4914 934 4958 eoa-

137 4985 369 5042 aommalioocm.
390 4986 420 5041 ld
435 4996 486 5052 est,
502 4993 531 5042 ut
544 5003 592 5043 eos
607 4996 810 5045 consummaret
824 4987 934 5061 quijam

139 5071 308 5129 sanctisunt.
322 5076 355 5129 Et
370 5076 402 5131 ia
416 5075 641 5144 aedificationem.
659 5077 689 5133 ld
704 5085 744 5133 est
759 5085 789 5133 ut
803 5093 851 5133 eos
866 5077 934 5134 aedi-

136 5160 216 5219 lieent
230 5160 259 5217 in
274 5176 373 5234 corpus
387 5163 497 5232 Christi,
514 5165 559 5236 qui
575 5165 662 5223 adlruc
676 5174 738 5221 sunt
753 5165 844 5222 alieni.

174 5270 259 5326 Vane.
277 5271 320 5324 13.
336 5298 371 5309 -
385 5270 486 5327 Donec.
503 5270 533 5325 ld
548 5277 589 5327 ost
603 5271 631 5327 in
645 5272 689 5329 dic
700 5272 808 5342 judieii.
822 5272 932 5330 Omnes.

138 5358 190 5429 Qui
204 5375 298 5415 sumus
312 5357 339 5414 in
355 5373 408 5413 una
418 5367 446 5415 et
462 5373 516 5413 non
526 5359 691 5432 discrepanti
706 5359 759 5418 tide
775 5379 781 5416 :
799 5370 825 5418 et
839 5363 867 5418 in
882 5377 936 5417 una

138 5456 165 5504 et
177 5464 232 5506 εοε
247 5446 385 5506 differenti
396 5447 498 5504 unitate
509 5449 664 5520 agnitionis
679 5451 744 5507 Filii
761 5451 831 5519 oct;
854 5451 898 5507 vel
908 5451 936 5505 in

1019 4506 1101 4562 Vaas.
1119 4507 1163 4564 21.
1189 4536 1224 4546 -
1250 4506 1303 4575 Qui
1320 4505 1475 4562 recondam
1489 4508 1579 4562 Dea-m
1596 4508 1775 4562 erraterrat.

983 4595 1137 4667 Conceptus
1151 4604 1192 4651 est
1206 4595 1279 4651 enim
1293 4594 1321 4649 in
1348 4602 1424 4650 utero
1443 4592 1576 4666 virginali,
1592 4608 1675 4664 opere
1691 4592 1763 4666 Spiri

983 4693 1027 4739 tus
1041 4684 1129 4741 sancti
1142 4684 1177 4741 de
1190 4684 1294 4740 semine
1315 4682 1437 4739 mulieris
1452 4682 1510 4738 sine
1525 4682 1630 4738 semine
1644 4681 1707 4738 viri.
1722 4682 1779 4739 Hoc

984 4789 1083 4830 novum
1093 4772 1161 4839 luit;
1176 4774 1248 4829 undo
1260 4771 1407 4828 ieremias:
1423 4773 1528 4828 Novam
1542 4771 1630 4843 faciel
1644 4770 1779 4828 Dominae

984 4867 1202 4937 superterram:
1212 4863 1312 4919 liulier
1325 4861 1615 4919 circumdabitoirum
1634 4861 1665 4916 ia
1674 4860 1776 4933 gremio

984 4953 1061 5010 uteri
1071 4951 1116 5007 sui
1126 4952 1193 5023 (ier.
1205 4953 1301 5021 xxxv.)

1007 5067 1090 5122 Vsus.
1107 5068 1151 5122 25.
1168 5095 1203 5106 -
1216 5068 1335 5137 Propter
1351 5064 1431 5138 quod.
1446 5063 1612 5136 Exsequitur
1624 5072 1716 5136 paries
1729 5078 1761 5121 vu

986 5156 1051 5212 teris
1061 5163 1087 5210 et
1102 5154 1164 5210 novi
1179 5153 1309 5209 hominis.
1330 5154 1398 5210 Cam
1412 5153 1556 5226 proximo.
1570 5154 1658 5209 Etiam
1671 5150 1754 5228 gentil

985 5244 1050 5317 quia
1064 5243 1152 5300 omnis
1177 5244 1258 5298 horno
1282 5242 1420 5313 proximus
1435 5242 1590 5298 conditione
1604 5242 1700 5313 primae
1713 5254 1750 5298 aa

985 5333 1084 5399 vitatis,
1102 5332 1144 5388 vel
1162 5348 1210 5403 spo
1224 5330 1410 5388 conversionis
1424 5331 1512 5387 omnis
1527 5331 1608 5386 debet
1617 5329 1706 5402 putari
1715 5346 1744 5404 pr

987 5438 1084 5477 ximus.

138 5536 281 5597 vitutibus
295 5538 395 5614 quibus
410 5537 569 5614 agnoscitur
583 5537 667 5596 Filius
682 5538 732 5597 Dei
743 5539 771 5595 iu
781 5539 860 5597 nobis
871 5560 880 5597 .·
893 5541 937 5599 vel
1022 5540 1105 5595 lans.
1122 5541 1166 5595 26.
1178 5569 1212 5580 -·
1222 5538 1390 5605 irascimini,
1409 5537 1436 5593 id
1451 5544 1492 5594 est
1502 5534 1682 5609 indignamini
1692 5534 1732 5593 vo'
