3772 6112
123 198 179 255 tsi
548 195 686 257 Glossa
699 198 904 256 oaoutattbt.
917 229 950 244 -
968 196 1077 256 EPIST.
1099 199 1123 255 11
1137 199 1184 256 AD
1200 200 1279 259 COR.
1726 209 1778 265 iii

120 320 239 379 efficitur
251 320 280 378 in
293 320 383 391 nobis,
408 320 436 376 id
452 328 493 376 est
506 322 687 394 permittimus
701 322 771 380 effici
789 342 796 379 :
811 324 861 380 sed
874 339 924 396 per
937 325 965 386 A
978 323 1039 378 Non
1053 322 1133 391 intra,
1149 339 1203 380 non
1226 340 1320 396 snpra,
1334 341 1391 381 non
1404 325 1483 394 intra,
1497 340 1553 384 non
1570 335 1656 386 extra.
1672 331 1778 387 Absor-

121 410 176 466 boc
189 411 247 467 vita
261 410 377 467 efficitur
392 409 420 464 in
434 409 523 477 vobis,
539 411 566 465 id
581 419 624 466 est
642 408 711 467 fides
725 413 873 480 plantatur.
977 419 1025 484 pta
1036 420 1078 467 est
1092 413 1166 467 enim
1180 429 1256 469 mors
1270 414 1298 468 in
1313 413 1432 470 victoria.

160 500 247 555 Varis.
259 501 303 554 ti.
315 528 350 540 -
364 499 516 555 Vobiscum.
528 500 590 555 Non
600 517 649 556 vos
660 501 813 572 nobiscum,
825 499 929 556 utinte·
1013 500 1098 556 Vnae.
1115 503 1141 556 6.
1157 532 1192 543 -
1207 502 1359 558 Audentes.
1375 504 1450 558 Deus
1472 502 1534 559 iacit
1555 520 1606 560 nos
1629 504 1698 562 velle
1722 507 1776 562 irn-

121 587 224 654 riores,
236 587 287 643 sed
300 602 383 658 pares
394 586 473 642 nobis
484 587 553 657 sitis,
567 589 588 642 si
600 589 749 647 volueritis.
764 592 799 645 Et
814 589 883 644 bene
893 589 927 646 de
976 588 1179 659 mortalitatem,
1204 588 1268 646 iacit
1289 599 1315 646 ot
1339 600 1429 647 certos
1453 592 1653 664 perspiritum,
1674 603 1700 650 ει
1714 595 1777 651 ideo

121 676 204 733 vobis
219 691 315 732 assero
328 675 392 747 quia
406 676 497 731 omnia
507 676 559 731 ista
570 675 684 733 tacimus
692 686 803 750 propter
812 693 861 733 vos
871 679 927 732 ins·
976 676 1109 732 audentes
1133 694 1236 733 sumus.
1261 681 1481 751 l’crepriiromitr
1503 698 1521 736 a
1544 683 1672 738 Domino.
1698 681 1777 751 Quo-

120 764 254 820 truendos
271 773 363 820 nostro
379 763 513 835 exemplo.
524 765 665 822 ltaomnia
676 768 769 824 advos
783 775 924 838 spectant:
976 764 1083 820 modo?
1101 781 1163 821 cum
1186 766 1251 821 alibi
1272 767 1403 839 scriptum
1427 768 1462 823 sit
1483 770 1538 824 :ln
1562 770 1621 843 ipso
1645 773 1775 840 vicimus,

120 859 152 907 ut
165 853 257 925 gratia
271 853 321 907 Dei
338 852 481 908 abundans
495 852 613 908 innubis
623 855 781 911 abundetin
794 855 882 921 vobis,
900 863 927 911 et
975 868 1120 909 movemur
1138 859 1166 909 et
1190 860 1311 911 satiras?
1325 855 1397 927 (dci.
1415 858 1499 927 xvii.)
1522 857 1591 927 Quia
1611 859 1660 914 etsi
1676 859 1775 933 ubique
1813 863 1817 873 “

120 955 171 1011 ρετ
186 956 237 997 vos
249 941 279 994 in
292 940 363 1011 aliis,
375 947 402 996 et
412 956 462 1011 per
471 955 520 996 vos
529 941 629 998 multos
644 944 764 999 abundet
779 943 925 1017 gratiarum
975 938 1059 1005 Deus,
1074 956 1130 996 uon
1144 950 1235 996 tamen
1250 942 1294 999 bic
1307 943 1413 998 videtur
1424 944 1492 1000 sicut
1502 944 1533 1000 iii
1545 946 1632 1002 coelis.
1645 948 1775 1021 Peregri-

119 1028 237 1099 actione,
255 1036 283 1084 ut
297 1044 347 1085 vos
362 1037 389 1084 et
403 1028 442 1083 illi
458 1029 516 1085 Deo
531 1031 633 1102 gratias
647 1033 746 1105 agatis.
762 1033 793 1087 lii
807 1032 925 1106 gloriam
975 1043 1149 1103 namurersso
1163 1046 1218 1086 110ss
1233 1029 1296 1097 fide,
1314 1031 1362 1086 sed
1378 1033 1479 1102 specie·

120 1117 183 1184 Dei,
195 1117 225 1173 id
237 1126 280 1174 est
293 1117 330 1174 ad
343 1118 541 1174 ostendendum
555 1119 644 1175 Deum
657 1121 817 1194 gloriosum.
1010 1143 1096 1198 vm,
1110 1115 1575 1222 ‘10‚-pp,3f„agu„u,qugqu0‚
1586 1148 1675 1204 Etiam
1684 1150 1769 1222 pueri,

974 1229 1030 1303 qui,
1042 1231 1065 1285 si
1080 1246 1133 1287 nou
1148 1248 1198 1303 per
1207 1249 1247 1300 se,
1262 1250 1312 1304 per
1327 1234 1394 1290 alios
1409 1244 1564 1306 gesserunt,
1581 1237 1645 1293 dum
1660 1255 1709 1309 per
1722 1255 1781 1295 eos,

973 1318 1148 1375 crediderunt
1162 1320 1205 1376 vel
1220 1337 1276 1375 non
1291 1321 1471 1392 crediderunt,
1489 1325 1638 1380 secundum
1649 1327 1722 1399 quod
1735 1327 1776 1397 ju·

972 1407 1106 1474 dicantur,
1130 1424 1185 1464 non
1206 1410 1358 1466 secundum
1373 1412 1445 1483 quod
1461 1413 1565 1485 gestui-i
1580 1422 1667 1483 erant,
1687 1415 1711 1470 si
1725 1415 1772 1473 diu

441 1293 555 1350 CAPUT
573 1294 607 1349 V.

166 1437 255 1492 Varis.
267 1438 332 1490 l.-
341 1435 450 1492 Scimus
460 1436 537 1491 enim
548 1436 681 1509 quoniam
691 1437 716 1492 si
725 1437 869 1493 terrestris
879 1436 924 1493 do·

121 1542 185 1582 mus
196 1528 296 1582 nostra
308 1525 392 1595 bajas
403 1524 586 1580 habitationis
597 1524 768 1581 dissoluatur
777 1525 922 1598 quodoedi-
971 1494 1103 1550 viverem·
1116 1496 1186 1552 Diffi
1197 1497 1270 1553 enim
1280 1516 1287 1552 ²
1298 1503 1385 1570 mut
1398 1503 1485 1572 iiim
1496 1503 1527 1556 Μ
1541 1518 1664 1575 θΟΥΡθΐθν
1680 1520 1735 1559 ⁰⁰¹1
1745 1514 1775 1561 Ui

121 1614 295 1684 ficationem,
312 1620 364 1667 etc·
381 1611 411 1666 ld
421 1618 464 1667 est
473 1627 573 1685 eorpus
583 1613 917 1682 immomlehabebimus,
971 1590 1170 1683 gesturuslerat
1185 1602 1208 1639 si
1223 1594 1336 1684 viveret,
1353 1587 1456 1643 trustra
1470 1605 1538 1660 ergo
1551 1591 1633 1645 bomo
1646 1592 1772 1663 posthoc

120 1703 141 1758 si
156 1717 260 1772 corpus
273 1717 324 1772 per
338 1699 524 1756 tribulationes
538 1701 712 1771 dissolvatur,
725 1710 751 1758 et
765 1703 837 1769 ideo,
852 1683 955 1774 quo·B
970 1685 1069 1742 mus
1084 1671 1136 1727 ⁸¹b¹
1147 1683 1295 1771 ,pmmmstr
1315 1675 1388 1747 ‘iuml
1407 1676 1451 1732 ¹¹5⁰
1474 1677 1503 1731 in
1521 1692 1635 1750 ⁰⁰sP⁰s⁰
1657 1695 1769 1752 ⁰⁰¹¹¹P⁸·

120 1791 192 1846 niam
207 1790 249 1846 sic
272 1788 447 1857 dissolvetur,
468 1796 497 1842 u,
517 1790 637 1845 eondifio
661 1797 688 1845 e,
701 1805 784 1846 causa
803 1791 838 1846 si,
850 1807 921 1862 pm·
971 1775 1032 1815 rare
1046 1760 1176 1831 neglexit.
1191 1764 1357 1820 suademus.
1375 1766 1659 1837 Suadentapostoliut
1672 1769 1780 1843 reliqiu,

121 1879 216 1934 mim·
230 1878 291 1935 Non
305 1878 513 1946 manufactam.
534 1877 583 1932 ,ed
597 1881 745 1934 ‘mmm'
766 1879 796 1934 Id
810 1887 852 1934 es,
866 1895 921 1935 non
969 1846 1040 1903 bene
1058 1849 1180 1905 viventes
1194 1851 1306 1906 credant
1320 1860 1347 1906 et
1360 1853 1522 1923 provideant
1540 1855 1602 1923 sibi,
1626 1856 1689 1928 quia
1704 1875 1779 1930 quo·¹

120 1967 261 2024 hominum
270 1964 457 2036 complexione
474 1963 581 2035 iactam,
598 1967 710 2034 scilicet,
728 1983 783 2023 non
798 1969 922 2023 humanae
970 1936 1093 1990 rumdam
1116 1938 1285 2010 pmvdffllum
1307 1938 1366 1995 ‘¹³⁰⁵
1385 1940 1492 1995 ⁰⁰¹¹¹i¹¹i
1512 1941 1539 1996 5¹¹
1553 1943 1667 1999 dmum
1688 1947 1772 2005 Venit·

120 2055 307 2129 generationis
324 2069 376 2123 ope
399 2053 565 2122 productam
580 2069 630 2110 nec
648 2056 775 2111 humanis
794 2055 921 2112 lomentis
1006 2042 1091 2097 ΨΜ·
1109 2046 1155 2098 Η·
1174 2073 1209 2084 ··
1224 2047 1279 2102 Πθθ
1293 2050 1390 2101 aulem
1408 2049 1558 2118 mammii
1578 2065 1686 2119 samos,
1711 2054 1772 2127 quit

120 2152 243 2210 tactam,
258 2142 338 2199 seda
361 2142 421 2196 Deo
434 2140 609 2198 ineffabiliter
628 2153 808 2215 compactam.
825 2147 921 2202 AEtcr·
971 2129 1024 2185 ¹¹⁰⁰
1039 2131 1221 2200 lllaedicamlls
1237 2134 1311 2205 (ιῦοᾱ
1324 2134 1403 2204 iubet
1418 2135 1501 2193 Deus·

119 2250 199 2290 mm,
215 2232 288 2301 Quia
300 2231 329 2289 in
343 2244 376 2285 ea
390 2228 449 2285 sine
468 2228 523 2286 fine
535 2231 701 2288 manebitur,
1007 2227 1092 2282 VttltS.
1103 2231 1149 2284 13.
1167 2259 1202 2269 -
1215 2231 1277 2287 St've
1296 2232 1373 2287 enim
1397 2237 1503 2289 inante.
1529 2233 1614 2304 Quasi
1632 2235 1720 2296 dieat:
1731 2239 1773 2298 De

151 2347 243 2403 vm
258 2351 285 2406 2·
301 2378 336 2391 —
349 2351 429 2407 Nam·
446 2351 509 2406 Non
529 2350 616 2406 solum
631 2362 680 2419 pm
702 2345 831 2419 pmsemi
845 2346 922 2402 iuba,
970 2314 1051 2370 nobis
1072 2316 1166 2388 utique
1191 2318 1304 2390 gloriari
1325 2321 1449 2390 potestis,
1475 2321 1537 2392 quia
1559 2323 1692 2398 quidquid
1713 2327 1774 2402 agi-

115 2435 262 2503 bitatione,
279 2437 328 2492 sed
343 2436 434 2510 etiam,
449 2441 481 2495 ia
497 2439 557 2504 boc,
574 2438 601 2493 id
611 2444 653 2493 est
663 2436 691 2491 in
701 2435 922 2492 consideratione

114 2525 201 2594 buius
215 2532 297 2581 tantae
311 2526 417 2598 gloria,
432 2529 654 2600 ingemiscimus.
672 2527 714 2580 Ex
727 2524 858 2580 dilatione
869 2524 921 2581 de-

112 2612 214 2669 siderii
232 2632 240 2668 :
255 2614 327 2685 qnod
341 2630 395 2671 non
410 2615 572 2682 taceremus,
593 2615 646 2669 uisi
661 2629 784 2669 essemus
798 2612 876 2669 certi.
891 2614 922 2668 ln

108 2702 193 2772 eujus
208 2702 248 2757 rei
262 2702 352 2775 figura
366 2706 424 2759 Axe
435 2703 491 2759 lilia
506 2704 587 2760 Caleb
597 2703 675 2775 petiit
690 2702 822 2773 irriguum
834 2718 921 2773 supe·

108 2790 174 2846 ritis
190 2799 217 2846 ει
232 2791 363 2865 irriguum
377 2791 501 2863 iuteriuS,
520 2800 550 2847 ut
564 2808 616 2848 iios
635 2792 777 2862 lacrymas
795 2790 922 2846 effunda-

109 2896 190 2945 mus,
206 2895 263 2934 nori
278 2880 364 2935 solum
374 2897 425 2952 pro
435 2881 578 2952 praesentis
592 2880 726 2936 incolatus
735 2879 856 2946 miseria,
873 2878 922 2935 sed

109 2985 169 3042 pro
195 2968 324 3025 dilatione
348 2985 471 3040 supemae
499 2969 603 3042 gloriae.
624 2968 841 3042 ingemiscimus,
860 2968 922 3039 quia

113 3058 247 3129 cupimus
262 3073 343 3129 super
355 3057 557 3114 invocationem
575 3058 682 3123 animia,
705 3072 787 3129 quarn
803 3057 860 3126 jam
874 3037 961 3113 ac-C

114 3147 254 3218 cepimus.
272 3149 310 3202 lte
325 3129 401 3203 coito.
418 3147 449 3202 ld
464 3155 515 3214 est,
540 3153 665 3218 optamus
687 3147 787 3201 babere
807 3146 923 3201 immor-

115 3235 174 3291 tale
189 3243 216 3291 et
230 3235 396 3307 impassibile
419 3251 529 3308 corpus,
549 3235 584 3291 ad
608 3233 812 3290 similitudinem
836 3233 923 3298 coele-
1018 3289 1079 3300 ,,
1178 3290 1183 3302 ,
1505 3296 1531 3307 ,,

121 3324 217 3380 nium·
973 3288 1043 3359 Quia
1057 3306 1097 3346 sic
1110 3290 1262 3363 loquimur,
1275 3299 1303 3346 ut
1318 3309 1416 3365 capere
1436 3305 1557 3367 possitis.
1586 3298 1633 3354 lsti
1650 3307 1714 3357 aunt
1728 3315 1778 3374 ap·

154 3413 228 3469 Nam
242 3416 272 3468 ,5
284 3413 343 3484 qu„
365 3419 418 3468 ego·
444 3410 528 3481 Qum
543 3410 616 3467 dica,
637 3427 644 3465 :
668 3410 725 3466 Nos
743 3410 923 3481 perseaiffles
972 3377 1028 3451 geli
1042 3378 1184 3450 dequibus
1199 3379 1331 3436 Dominus
1350 3381 1429 3437 aitin
1452 3385 1621 3459 Evangelio:
1644 3386 1778 3446 videbitis

120 3517 171 3573 pm
192 3499 322 3556 ,magone
345 3500 489 3572 gemimus,
514 3499 576 3572 qui,
599 3498 681 3554 egam
694 3498 784 3554 minus
798 3499 921 3570 Perseai,
973 3465 1073 3523 coelum
1087 3476 1223 3539 apertum,
1247 3476 1273 3522 et
1287 3469 1402 3543 angelos
1416 3472 1598 3532 ascendentes
1614 3483 1642 3532 ει
1657 3475 1778 3536 descen·

119 3589 166 3662 qui
183 3604 296 3646 omem
317 3587 419 3645 fovent·
440 3589 514 3644 luter
538 3589 589 3643 hos
611 3595 701 3642 autem
725 3603 755 3643 se
775 3587 923 3659 Apostolus
973 3555 1068 3610 dentes
1089 3571 1172 3626 super
1189 3555 1287 3611 Filium
1308 3557 1440 3627 hominis;
1463 3562 1514 3616 bos
1533 3562 1647 3620 eosdem
1662 3566 1776 3639 angelos

121 3685 300 3734 commem
314 3692 348 3732 ne
362 3677 401 3731 iffi
416 3677 451 3731 de
466 3693 496 3732 se
511 3675 602 3730 minus
614 3675 741 3731 sentiam·
975 3643 1043 3700 vidit
1056 3644 1141 3699 Jacob
1155 3643 1184 3698 in
1198 3645 1280 3700 scalis
1293 3647 1474 3704 ascendentes
1488 3656 1516 3704 et
1529 3650 1741 3713 descendentes.

1010 3758 1096 3814 Vatis.
1113 3760 1157 3814 it.
1172 3760 1348 3816 —Cbaritos
1380 3763 1458 3818 caira
1483 3764 1598 3831 Christi,
1626 3773 1679 3822 etc.
1707 3767 1785 3838 Quia,

974 3846 1097 3902 Christus
1117 3847 1249 3903 charitate
1267 3864 1317 3919 pro
1340 3849 1420 3905 nobis
1447 3859 1571 3908 mortuus
1592 3861 1644 3922 est,
1673 3863 1784 3919 constat,

973 3950 1068 3991 omnes
1083 3943 1205 3993 mortuos
1218 3936 1304 3993 fuisse
1318 3938 1346 3993 in
1362 3939 1450 3994 Adam
1459 3959 1466 4009 ;
1476 3957 1527 4012 ρτο
1539 3941 1638 4014 quibus
1653 3925 1779 4003 mortuiis

974 4030 1015 4078 εει
1029 4023 1164 4091 Christus,
1181 4033 1210 4079 ut
1225 4041 1273 4081 eos
1288 4041 1305 4081 a
1318 4034 1407 4082 morte
1436 4027 1576 4086 liberaret.
1597 4030 1664 4101 Quas
1688 4022 1784 4107 gratia*

973 4127 1008 4166 ne
1022 4112 1124 4167 inutilis
1139 4113 1175 4167 sit
1188 4114 1353 4181 bominibus,
1379 4117 1505 4188 apostoli,
1531 4127 1560 4173 nt
1583 4135 1631 4175 eos
1649 4119 1776 4193 illiciant,

121 4236 236 4293 Graoati
245 4253 276 4292 eo
293 4251 406 4306 corpore
422 4250 496 4307 :quo
506 4243 597 4290 tamen
609 4235 735 4289 nolumus
746 4241 863 4289 mortem
874 4248 925 4289 rio·
973 4201 1130 4257 necessaris)
1142 4218 1171 4258 Se
1185 4202 1315 4304 landa&
1331 4220 1382 4276 per
1392 4205 1510 4304 &briam
1527 4208 1600 4263 enim
1610 4216 1638 4265 ⁰⁸
1647 4210 1777 4268 meritum

120 4325 162 4381 bis
176 4325 245 4390 ΜΗ,
261 4325 310 4381 sed
325 4323 495 4396 superindui,
518 4323 546 4378 id
563 4330 604 4378 es,
625 4339 642 4377 a
661 4323 719 4378 Deo
743 4322 835 4379 gesuri
855 4322 925 4378 “013
974 4290 1162 4361 apostolorum
1176 4301 1336 4365 agnoscitur
1348 4302 1439 4365 gratia
1452 4304 1478 4351 ει
1488 4294 1651 4354 beneficium
1661 4298 1773 4357 Christi.

108 4412 327 4485 ,immortalitatis
350 4429 412 4485 quae
433 4412 557 4468 destruat
579 4410 781 4476 mortalitatem,
813 4425 868 4466 non
892 4418 922 4466 ut
934 4400 961 4461 D
975 4379 1006 4476 S?
1020 4396 1095 4436 ΨΜ
1107 4397 1158 4452 W
1188 4383 1326 4439 mmini-
1344 4382 1374 4438 ld
1385 4391 1435 4483 θῗῑ»
1452 4383 1476 4438 ⁵5
1501 4383 1622 4484 Chfisilss
1640 4403 1691 4459 lir⁰
1713 4404 1776 4444 om·

123 4502 309 4575 „peneum
972 4466 1052 4522 mbns
1079 4476 1209 4540 qnantum
1232 4470 1266 4525 ad
1292 4486 1332 4537 se,
1355 4479 1406 4527 etsi
1429 4485 1491 4529 non.
1508 4474 1634 4530 omnibus
1660 4475 1771 4548 profuit,

155 4619 234 4675 Vatis
256 4620 272 4673 i
293 4617 392 4685 -Qui
401 4632 500 4674 sumus
509 4615 542 4671 ia
553 4614 743 4671 tabernaculo·
755 4612 808 4682 Qui
818 4613 924 4669 habita·
973 4572 1040 4628 ΜΗΘ
1063 4564 1090 4612 et
1112 4573 1208 4614 ⁰m¹¹⁰⁸
1233 4559 1357 4615 hmines
1382 4558 1481 4616 ‘leben‘
1506 4560 1577 4618 ¹¹¹⁰ii
1599 4579 1649 4637 Pl0
1669 4565 1775 4624 h⁰110re

120 4707 222 4765 ιίοτιετιι
235 4707 314 4776 hujus
328 4705 450 4777 corporis
465 4704 614 4776 diligimus,
631 4703 666 4757 de
680 4718 735 4774 quo
746 4718 799 4757 non
815 4709 857 4758 est
872 4718 923 4758 eu·
972 4643 1056 4700 mms'

121 4796 244 4861 madum,
261 4811 322 4851 cum
336 4810 390 4849 non
415 4794 449 4848 sit
465 4791 670 4848 tabernaculum
686 4790 737 4844 nisi
752 4791 786 4845 ad
803 4798 921 4861 tempus,

120 4884 331 4957 ingemiscimus
346 4881 481 4938 desiderio
499 4880 627 4937 coelestis.
648 4879 706 4934 Nos
721 4879 782 4934 dico
802 4879 921 4951 gravati,

122 4973 199 5045 quasi
213 4973 285 5027 dicat
300 4989 307 5026 :
323 4971 384 5026 Non
401 4970 510 5036 mirum,
536 4967 560 5023 si
582 4966 787 5039 ingemiscimus
804 4983 809 5022 :
828 4966 924 5039 quiea

124 5060 290 5117 beatitudine
305 5075 398 5114 sumus
411 5057 519 5113 remoti.
536 5057 605 5112 Nam
619 5056 702 5112 etiam
715 5056 750 5111 de
758 5056 810 5111 boc
824 5054 924 5111 minori

122 5149 269 5224 gemimus,
290 5147 424 5220 quiahoc
447 5161 563 5216 corpore
587 5145 720 5200 exuimur.
745 5145 792 5200 Eo.
818 5142 849 5199 ld
870 5150 922 5213 εει,

120 5237 184 5296 ideo
206 5237 352 5310 gemimus.
379 5236 455 5304 Quod
474 5236 609 5292 autumus
629 5232 794 5305 exspatiari,
822 5231 845 5286 si
870 5231 924 5288 hoc

120 5335 213 5400 posset
227 5325 297 5384 fieri.
317 5325 375 5391 l'el,
401 5323 613 5396 ingemiscimus,
640 5318 776 5376 desiderio
791 5319 921 5375 coelestis.

122 5418 194 5474 beas
209 5420 307 5473 cutem
325 5415 374 5471 boc
398 5413 506 5484 effecit.
528 5410 586 5476 Vel,
609 5409 734 5465 nolumus
753 5407 897 5478 exspoliari
914 5422 922 5465 ι

122 5506 194 5564 beas
209 5510 307 5562 tamm
321 5503 419 5575 effecit
437 5509 466 5556 ut
480 5499 708 5555 immortalitatem
723 5496 921 5553 desideremus
1008 5494 1094 5551 vais.
1105 5497 1186 5551 l6.-
1200 5496 1347 5553 Neminem
1357 5498 1496 5556 nouimus.
1509 5499 1539 5554 ld
1553 5506 1604 5568 est,
1620 5497 1775 5557 laudamus.

972 2492 1146 2562 excedimus,
1162 2493 1190 2548 id
1206 2503 1256 2563 est,
1275 2496 1299 2550 si
1313 2512 1364 2551 nos
1377 2500 1603 2556 commendamus
1613 2502 1652 2573 (in
1663 2519 1717 2575 quo
1727 2521 1776 2576 pu·

971 2586 1060 2636 tamur
1076 2580 1229 2653 insensati),
1240 2584 1298 2639 Deo
1314 2592 1364 2655 est,
1376 2585 1405 2640 id
1415 2594 1455 2641 est
1467 2588 1502 2643 ad
1512 2590 1645 2646 honorem
1655 2591 1715 2659 Dei,
1728 2593 1779 2665 qui

972 2667 1012 2725 sie
1025 2684 1076 2724 nos
1090 2670 1225 2726 exaltavit.
1243 2672 1305 2728 Siue
1320 2675 1422 2730 sobrii:
1437 2683 1466 2730 ut
1485 2692 1540 2732 nori
1560 2677 1613 2733 alta
1637 2678 1671 2734 de
1695 2679 1775 2736 nobis

972 2756 1107 2827 dicamus,
1130 2759 1165 2814 ad
1185 2768 1306 2816 vestram
1327 2770 1368 2817 εει
1383 2764 1435 2818 boc
1454 2764 1606 2822 utilitatem.
1622 2767 1684 2826 Sive
1698 2771 1775 2826 enim
1829 2767 1831 2771 ⁴

972 2851 1069 2903 mente
1089 2847 1262 2904 excedimus.
1286 2849 1417 2923 Loquitur
1436 2855 1583 2924 apostolus
1599 2854 1634 2912 de
1655 2857 1773 2929 quadam

973 2933 1105 2990 ineffabili
1127 2938 1355 3009 contemplatione
1375 2947 1402 2995 et
1416 2949 1506 3012 raptu,
1523 2943 1569 2998 ubi
1583 2943 1684 3001 audivit
1698 2945 1773 3019 quod

976 3023 1108 3079 nonlicet
1122 3025 1225 3080 bomini
1238 3026 1322 3100 loqui.
1341 3030 1396 3086 lieo
1410 3033 1471 3086 est:
1484 3046 1539 3088 nori
1554 3033 1643 3102 vobis,
1659 3032 1707 3108 qui
1720 3050 1783 3111 noa,

975 3112 1090 3183 potestis
1102 3129 1211 3184 capere.

1009 3202 1071 3258 Sive
1085 3204 1162 3258 caim
1177 3204 1263 3260 sobrii
1277 3221 1385 3261 sumas.
1402 3207 1665 3266 condescendendo.
1690 3212 1777 3271 Vobis.

156 3792 243 3848 Vatis.
260 3795 286 3846 3.
303 3792 376 3847 -st
392 3796 489 3847 tamea
502 3791 598 3846 uestiti
608 3790 698 3863 gloria
712 3789 922 3861 promissionis3

121 3882 179 3938 aaa
192 3880 274 3936 nudi.
292 3880 349 3935 Hoc
363 3879 522 3935 desiderant
532 3879 628 3947 saneti,
642 3895 676 3935 ne
690 3887 866 3952 resurgentes
880 3895 924 3935 re·

120 3979 198 4041 cepto
214 3984 339 4040 corpore,
355 3969 430 4035 nudi,
449 3968 476 4023 id
493 3975 534 4025 est
549 3968 660 4024 alienia
682 3969 817 4039 promissa
834 3968 925 4041 gloria

121 4056 455 4114 avaritianensium
478 4072 547 4127 opus
561 4065 603 4112 εει
620 4072 627 4112 :
644 4065 674 4112 ut
691 4058 778 4112 induti
797 4073 922 4127 corpore,

120 4147 349 4219 superinduantur
358 4146 457 4219 gloria,
470 4161 530 4217 quae
540 4154 582 4200 est
591 4145 743 4201 immutatio
751 4146 780 4200 in
787 4145 922 4202 claritate.

1008 4759 1094 4816 Vuae.
1110 4743 1154 4814 ii.
1171 4790 1205 4801 -
1223 4761 1275 4829 Qui
1289 4763 1387 4818 vivant
1400 4761 1429 4817 in
1447 4777 1574 4834 corpore,
1589 4782 1647 4824 aaa
1661 4768 1715 4826 siit
1729 4768 1774 4827 vt-

974 4850 1051 4913 oant,
1068 4848 1115 4904 scd
1130 4847 1260 4925 voluntati
1277 4849 1336 4904 bei.
1352 4849 1433 4918 Quod
1448 4851 1558 4923 quidem
1573 4852 1692 4912 debent:
1711 4857 1774 4930 quia

973 4935 1024 4991 etsi
1035 4936 1158 4991 Christus
1169 4952 1255 5008 usque
1269 4938 1304 4992 ad
1318 4946 1433 4995 mortem
1449 4940 1499 4996 fuit
1514 4940 1649 5011 infirmus,
1665 4943 1775 5016 injuria·
1791 4972 1795 4978 ·

972 5031 1026 5091 tus,
1038 5025 1096 5093 jam
1114 5032 1206 5079 tamen
1224 5031 1286 5096 post
1310 5028 1542 5086 resurrectionem
1568 5046 1624 5087 nou
1643 5041 1694 5090 est.
1724 5033 1775 5091 sed

973 5120 1085 5184 apparet
1107 5112 1181 5184 quod
1202 5129 1263 5169 esse
1292 5113 1444 5171 videbatur.
1462 5118 1557 5175 Unde:
1576 5119 1645 5178 Cam
1665 5124 1775 5182 exalta·

973 5203 1070 5257 veritis
1085 5203 1191 5258 Filiam
1207 5203 1339 5270 bominis,
1361 5208 1429 5262 tuac
1443 5210 1616 5278 cognoscetis
1636 5212 1703 5284 quia
1727 5227 1775 5284 eqo

972 5305 1037 5346 satit
1054 5289 1146 5360 (leon.
1160 5291 1233 5361 vrri).
1252 5291 1347 5347 Vicem
1361 5307 1428 5367 ergo
1439 5294 1465 5350 ei
1480 5296 1597 5353 reddant
1611 5299 1690 5371 quasi
1704 5299 1772 5367 Deo,

973 5393 1029 5435 noa
1042 5377 1145 5434 bomini
1160 5379 1249 5435 solum
1264 5395 1314 5451 pro
1330 5380 1370 5437 eis
1385 5397 1479 5454 passo.

126 5596 158 5655 lit
170 5593 364 5660 absorbeatur,
379 5598 433 5648 etc.
448 5591 490 5646 lta
504 5596 534 5645 ut
552 5603 688 5660 nusquam
705 5586 741 5643 sit
761 5585 922 5644 mortalitas.
973 5582 1135 5641 Second-am
1149 5600 1277 5643 caraem.
1292 5583 1323 5641 ld
1337 5593 1389 5654 est,
1400 5602 1450 5644 sua
1460 5592 1637 5660 querentem,
1650 5601 1706 5644 non
1715 5603 1777 5661 qua

970 2419 1041 2470 mus,
1059 2404 1103 2459 vel
1117 2412 1158 2460 est
1179 2407 1269 2462 bonor
1287 2408 1348 2474 Dei,
1372 2408 1415 2464 vol
1438 2409 1539 2466 utilitas
1562 2413 1690 2483 proximi.
1711 2416 1774 2474 Siva
1875 2436 1877 2440 ’
