3772 6112
226 214 279 270 'tut
459 216 663 274 WALAFRIDI
682 217 803 274 sruhat
821 217 921 276 nutu.
941 216 1028 310 Moli.
1048 215 1125 274 OPP.
1146 216 1235 274 PARS
1254 219 1274 275 1.
1295 248 1330 261 -
1348 219 1584 278 THEOLOGICA.
1824 223 1875 279 itt

1036 347 1163 414 Apoenae
1184 343 1293 399 illomm
1315 345 1360 418 qui
1381 345 1490 401 Domini
1512 345 1633 418 gratiam
1652 344 1822 402 bannierant
1850 348 1875 405 in

1072 431 1216 499 luxuriam,
1231 448 1448 489 commemorans
1461 434 1619 492 incendium
1632 434 1826 492 Sodomorum.

261 535 346 592 Vnus.
359 541 428 592 t.-
438 538 593 593 consolatis
608 543 636 594 et
650 540 765 595 cocciis.
790 540 884 608 Vocat,
906 555 1021 596 conser-
1108 547 1194 603 Vnus.
1207 551 1499 607 8.-Domiuotionem
1515 555 1614 607 cutem
1630 555 1784 624 spernunt.
1796 551 1875 608 lund

224 632 278 691 vat,
294 624 382 697 diligit
397 624 477 693 sdics,
487 627 704 684 etmembraDci
714 626 779 684 iacit
790 630 869 685 lesus
888 630 1021 686 Dominus
1071 636 1185 691 noribus
1202 639 1335 709 peccatis,
1350 639 1520 708 maiestatem
1529 639 1757 711 blasphemantes
1768 639 1810 695 :in
1823 641 1871 697 cri-

224 722 328 769 noster.
439 717 440 721 ’
1073 724 1232 795 minalibus,
1249 728 1366 783 nolendo
1380 728 1520 784 humiliter
1535 727 1661 785 confiteri
1675 735 1703 784 et
1723 728 1872 800 poenitere:

257 819 342 875 psas,
354 823 423 878 2,..
436 821 625 890 Misericordia
640 824 724 881 vobi„
742 824 770 880 si
784 824 946 898 peugcoepp
966 824 1019 882 mi.
1073 814 1177 869 nullum
1192 815 1323 871 habentes
1338 816 1474 885 timorem,
1490 834 1542 874 nec
1557 815 1641 873 iidem
1652 817 1764 874 venturi
1770 818 1872 887 judicis

219 907 304 964 sereni
319 909 396 965 vobis
411 911 592 967 condonando
607 912 713 980 delicta,
728 913 838 986 impleat
858 915 1018 972 misericor·
1107 921 1192 977 Vnus.
1207 925 1233 976 9.
1245 953 1280 962 -
1290 923 1359 978 Cum
1370 923 1496 993 illelmi,
1513 932 1566 980 etc.
1584 924 1671 979 idest
1685 925 1872 997 cumiloyses,

220 997 303 1065 diam,
319 1014 370 1069 per
383 999 474 1072 ampla
494 1002 566 1057 bona
587 1002 713 1059 ducendo
736 1005 772 1059 ad
791 1013 903 1061 aeterna.
933 1005 962 1061 Si
977 1012 1019 1061 est
1070 1009 1116 1081 qui
1131 1016 1160 1064 ut
1175 1011 1248 1065 Deus
1268 1019 1327 1067 erat
1352 1012 1513 1067 constitutus
1537 1012 1684 1079 Pharaoni,
1705 1020 1734 1068 et
1758 1013 1806 1084 qtri
1824 1023 1874 1070 erat

217 1086 409 1144 reconciliatus
434 1088 560 1160 inimicis,
589 1099 725 1147 aeternam
749 1108 845 1164 pacem
865 1092 911 1149 det
940 1092 1018 1151 lacus
1068 1097 1197 1169 princeps
1212 1106 1238 1154 et
1261 1100 1381 1166 nuntius,
1407 1109 1540 1172 quantum
1562 1101 1599 1156 ad
1622 1101 1702 1169 alios,
1728 1100 1873 1174 duptam

217 1173 324 1243 amicis,
339 1176 367 1232 in
381 1193 434 1248 qua
443 1177 472 1233 in
485 1179 560 1235 nullo
575 1179 609 1234 ab
622 1196 655 1235 eo
679 1181 854 1238 dissentiatis.
1055 1200 1130 1248 ,cum
1143 1186 1293 1255 Pharaone,
1304 1189 1504 1257 altercaretur,
1519 1189 1547 1244 id
1562 1197 1604 1244 est
1619 1190 1699 1261 signa
1719 1187 1824 1245 iaceret
1837 1190 1873 1246 al·

251 1292 337 1347 Vsus.
350 1296 376 1347 3.
388 1323 422 1333 -
434 1294 609 1351 ditarissimi.
621 1296 681 1367 Ego
691 1296 737 1367 qui
748 1304 847 1353 vestrae
857 1295 937 1352 saluti
955 1296 1016 1354 volo
1062 1277 1143 1329 ''em“
1157 1283 1250 1330 ⁰⁰⁰¹f³
1265 1276 1348 1349 signa
1361 1293 1515 1350 mimium*
1532 1277 1565 1334 dt
1589 1293 1705 1352 ⁶⁰7P⁰⁷⁶
1735 1278 1830 1351 '⁰⁹⁸5’
1849 1279 1873 1334 id

214 1381 371 1453 providere,
387 1383 471 1439 habui
484 1399 606 1450 necesse,
622 1393 735 1456 propter
749 1386 855 1457 pseudo
871 1385 918 1458 qui
938 1387 1016 1443 vobis
1069 1371 1110 1418 ⁰⁵²
1124 1364 1224 1435 P⁰Pu¹⁰
1253 1365 1346 1436 lsrael,
1377 1375 1405 1421 ¹¹¹
1430 1367 1600 1438 permistim
1628 1367 1693 1422 ffl⁰⁸
1722 1365 1872 1424 ⁸³⁰sffiw⁰

214 1485 245 1526 se
258 1469 395 1542 ingerunt,
411 1472 552 1528 scribendi
566 1473 640 1529 uobis
657 1474 857 1530 admonitiones
875 1475 907 1531 dc
921 1478 1016 1532 vestro
1069 1451 1127 1507 0θο
1144 1458 1417 1521 ⁵⁰⁰=⁷²⁰M⁸t⁰¹t⁸¹⁴⁸
1439 1458 1548 1527 inferre
1561 1473 1680 1530 imam
1697 1456 1872 1529 simillimi&z

215 1560 309 1616 salute
323 1556 477 1629 cenomani,
494 1561 521 1615 id
546 1570 587 1616 est
610 1563 645 1617 dc
665 1562 718 1619 fide
734 1580 794 1636 quae
819 1572 861 1619 est
883 1573 938 1619 tam
952 1580 1015 1621 mea
1065 1540 1146 1609 hujus
1161 1542 1263 1608 ⁵ae⁰u¹b
1281 1543 1562 1617 aeduicitdmperet
1580 1546 1631 1600 libi
1659 1547 1811 1601 ”timim-
1827 1545 1870 1601 Vi]

209 1647 284 1704 salus
298 1665 379 1720 quam
393 1657 483 1704 vestra
496 1658 523 1705 et
538 1651 660 1706 omnium
674 1650 805 1718 fidelium,
821 1653 924 1709 scilicet
945 1651 1014 1710 fides
1064 1628 1159 1685 alim*
1176 1630 1243 1685 cum
1256 1632 1389 1687 ⁰⁰mi¹¹¹¹⁸
1406 1633 1485 1689 Jsssus
1507 1633 1768 1689 &mmmmm
1776 1633 1869 1706 ΨΜ),

213 1754 274 1809 quae
286 1753 337 1808 per
351 1737 525 1795 ditectionem
541 1749 679 1810 operatur.
695 1743 756 1815 Ego
771 1741 832 1798 (1500
837 1744 947 1814 samm
956 1759 1013 1800 om,
1027 1714 1099 1776 Bde
1114 1734 1229 1818 corpore
1244 1720 1341 1820 Moysi,
1358 1720 1387 1776 id
1400 1728 1442 1776 est
1455 1721 1489 1777 de
1499 1722 1636 1790 Ecclesia,
1653 1723 1744 1778 noluit
1758 1722 1870 1794 aliquam

213 1843 280 1882 nem
299 1826 523 1884 sollicitudiuem
542 1830 683 1886 scribendi
701 1832 784 1898 ooth,
809 1831 838 1886 id
859 1839 900 1887 est
921 1831 1013 1887 omnia
1062 1805 1262 1878 blasphemam
1275 1807 1385 1877 fflsssfsev
1401 1809 1451 1866 S'ed
1465 1818 1592 1883 ‘anquam
1606 1811 1670 1869 ⁰V5⁸
1690 1812 1730 1868 ad
1755 1810 1863 1868 θωίδὶῠ·

211 1931 272 1988 quae
285 1914 422 1986 pertinent
437 1916 472 1970 ad
488 1916 642 1973 sollicitum.
660 1917 716 1974 Oro
731 1919 884 1989 provehis,
901 1920 1010 1992 disputo
1063 1911 1126 1951 nem
1149 1896 1257 1953 dumus·

210 2011 306 2060 contra
317 2004 476 2060 seductores
490 2014 603 2074 vestros,
619 2015 646 2061 et
661 2014 689 2061 ut
699 2008 777 2062 vobis
789 2025 833 2063 me
849 2008 940 2065 sciatis
951 2024 1013 2080 pro·
1099 2003 1184 2058 Vnus.
1199 2006 1242 2059 tt.
1254 2034 1289 2043 —
1302 2005 1344 2061 Vae
1354 2005 1423 2078 illis,
1440 2014 1491 2062 etc.
1501 2004 1571 2076 Quia
1585 2021 1638 2078 per
1662 2002 1861 2064 οωηῑῇεη.

211 2093 314 2163 videre,
328 2094 418 2149 scribo
431 2094 551 2150 vobisde
562 2095 615 2150 iilis
627 2113 633 2150 :
646 2097 751 2169 Detego
762 2097 1013 2168 nequitiascorum:
1063 2091 1109 2147 tici
1125 2093 1270 2147 monstrati
1284 2102 1347 2148 sunt
1360 2109 1377 2149 a
1391 2094 1474 2151 verbo
1489 2094 1613 2151 veritatis
1626 2095 1863 2164 cecidissemus·

209 2181 324 2237 ostendo
340 2182 417 2237 vobis
431 2183 545 2254 qualiter
560 2182 640 2239 tidem
655 2193 681 2238 et
695 2185 867 2241 dilectionem
891 2186 1014 2242 debeatis
1064 2180 1104 2235 dit
1118 2197 1166 2236 eos
1182 2181 1298 2237 diversis
1310 2183 1389 2238 malis
1417 2184 1564 2253 subjectos.

210 2278 303 2326 tenere
320 2288 327 2325 z
344 2279 370 2326 et
387 2287 449 2326 cum
463 2271 515 2326 sim
529 2272 565 2327 ita
581 2273 713 2329 sollicitus
727 2290 776 2347 pro
787 2275 873 2344 vobis,
886 2275 1014 2333 admoni—
1097 2270 1250 2340 (ttnm.)1n
1264 2270 1337 2326 viam
1351 2271 1416 2327 Cain
1431 2272 1539 2341 abeunt,
1549 2271 1855 2345 quipropterinvidiam,

211 2359 313 2415 tionem
328 2375 419 2415 meam
433 2361 555 2432 recipere
575 2361 691 2418 debetis.
1062 2365 1126 2425 etc,
1142 2374 1229 2432 usque
1240 2358 1276 2414 ad
1289 2361 1430 2416 veritatem
1446 2377 1529 2433 quam
1542 2370 1680 2418 noverunt
1696 2362 1856 2435 impugnant.

475 395 587 453 CAPUT
623 397 767 453 UNtctJtt.

252 2467 561 2523 vissuh-Gratiam
573 2469 1015 2540 honsseretttesDuritiametd'n
1099 2481 1184 2537 vans,
1198 2484 1287 2538 η-
1307 2486 1504 2542 Macutffluon
1532 2485 1621 2541 solum
1635 2486 1665 2540 ιη
1694 2487 1859 2543 commeo.

208 2553 377 2610 strictionem
389 2553 459 2628 legis
475 2572 556 2627 :quae
571 2556 637 2613 dicit
652 2557 761 2614 oculum
774 2575 822 2630 pro
837 2558 926 2626 oculo,
943 2560 1013 2615 den·
1063 2571 1143 2626 nibus
1154 2578 1181 2624 ρῑ
1195 2570 1372 2629 ebrietatibus
1387 2574 1543 2632 carnalibus
1555 2583 1675 2646 pereum
1689 2584 1717 2631 ει
1731 2576 1857 2632 mcum.

210 2651 264 2699 tem
278 2660 329 2715 Ps0
353 2644 444 2711 denies
469 2653 602 2717 temperi*
621 2647 711 2720 tristia
729 2647 881 2720 Evangelii,
903 2648 930 2702 1¹¹
960 2663 1014 2720 (11¹0
1063 2669 1116 2729 tur,
1133 2660 1278 2720 sedetiam
1293 2663 1482 2719 suntmaculae
1502 2663 1622 2734 illorum,
1639 2673 1666 2719 et
1686 2664 1758 2720 alios
1781 2679 1859 2721 εειιιιιι

208 2740 361 2806 purgamus
387 2733 492 2789 ⁵⁰⁰¹&st
515 2736 662 2791 ⁰⁰fflmi⁸ffl
684 2752 734 2808 pel
757 2736 953 2806 poeniteutiam,
987 2744 1014 2792 θῑ
1063 2754 1189 2824 perdunt,
1207 2752 1315 2810 Domini
1329 2753 1445 2824 gratiam
1459 2751 1488 2807 in
1502 2751 1639 2807 luxuriam
1652 2753 1850 2809 transferentes.

206 2822 387 2892 elcemosynae
401 2821 515 2880 fructus.
532 2824 593 2880 Sed
615 2826 684 2881 hanc
708 2825 823 2896 gratiam
850 2824 1015 2881 transierunt
1062 2843 1162 2899 pube„
1175 2844 1320 2913 comparat
1334 2857 1364 2896 se
1379 2840 1608 2913 praedicatoribus
1622 2842 1783 2914 pluentibus
1791 2841 1856 2912 jusu

204 2909 281 2981 impii
296 2910 327 2964 in
346 2911 486 2967 luxuriam
501 2913 547 2985 qui
563 2929 634 2969 nunc
648 2922 721 2970 tanto
736 2914 861 2971 licentius
882 2915 1013 2988 {peccanu
1063 2931 1137 2997 tiam,
1155 2929 1365 2987 coruscantibus
1378 2945 1428 3000 per
1441 2929 1583 3000 miracula,
1600 2930 1651 2985 sed
1666 2931 1788 2986 haeretici
1803 2938 1856 2985 sunt

205 2999 409 3071 quantominus
428 3001 524 3058 vident
540 3018 570 3057 se
585 3004 729 3074 asperitate
744 3003 863 3076 legisdc
885 3002 1015 3060 facinori·
1063 3020 1150 3075 nubes
1171 3020 1349 3076 obscurantes
1370 3018 1465 3086 mem,
1490 3026 1625 3089 ,mentes
1648 3019 1678 3073 jn
1698 3019 1794 3074 coelum
1829 3034 1855 3074 ος

207 3086 258 3143 bus
277 3089 437 3144 examinari·
1017 3077 1042 3141 C
1059 3124 1146 3175 suum,
1158 3123 1290 3180 perversa
1305 3107 1421 3178 superbe
1435 3107 1570 3174 docendo,
1595 3107 1655 3163 sine
1666 3122 1741 3180 aqua
1755 3107 1854 3178 sapien·

239 3194 325 3251 vans.
339 3197 364 3249 5.
377 3226 412 3236 -
424 3197 535 3253 Omnia.
560 3200 664 3253 hrcaua
685 3197 760 3265 fidei,
782 3206 808 3254 et
829 3215 885 3254 non
902 3199 1007 3256 habetis
1059 3199 1111 3254 tiae.
1128 3199 1360 3256 Arboresoutem.
1372 3193 1451 3266 impii
1467 3203 1494 3251 et
1512 3194 1741 3268 pseudoapostoli
1756 3211 1855 3268 eompa-

204 3300 283 3356 opus,
299 3284 419 3339 recentia
433 3287 510 3356 quasi
525 3287 660 3342 sanctiora
675 3301 692 3341 a
707 3287 785 3342 novis
799 3288 893 3343 audire
916 3288 1008 3361 magi·
1058 3295 1118 3342 rant
1132 3303 1162 3342 se
1185 3286 1327 3341 arboribus
1351 3285 1453 3340 bonum
1484 3283 1603 3340 fructum
1625 3284 1789 3355 ferentibus,
1812 3284 1853 3341 sed

177 3362 181 3370 ¹
205 3375 277 3442 stris,
286 3376 313 3432 id
330 3383 371 3430 est
388 3392 395 3429 :
409 3374 533 3431 Perfecto
548 3376 623 3430 scitis
637 3376 728 3431 omnia
741 3393 802 3447 quae
818 3376 930 3432 scienda
945 3386 1008 3434 sunt
1058 3384 1121 3430 sunt
1130 3376 1241 3431 arbores
1257 3374 1444 3430 autumnales:
1460 3373 1539 3428 tarde
1559 3374 1633 3430 enim
1652 3373 1745 3431 ierunt
1764 3375 1854 3430 bonum

204 3465 238 3520 de
252 3464 316 3536 fide,
333 3474 360 3522 et
374 3465 437 3520 ideo
452 3472 565 3519 nonest
581 3480 651 3536 opus
665 3472 693 3518 ut
708 3464 822 3519 audiatis
845 3465 915 3521 illos.
933 3467 1006 3534 Quo·
1057 3464 1175 3520 fructum
1190 3465 1260 3520 sicut
1273 3464 1354 3518 arbor
1367 3464 1395 3519 in
1422 3471 1551 3518 autumno
1578 3462 1716 3534 plantata,
1744 3464 1787 3520 vel
1800 3463 1854 3536 quia

202 3556 282 3611 niam
291 3557 382 3612 lesus.
394 3552 542 3609 Confutatis
565 3553 710 3620 haereticis,
723 3553 822 3609 deinde
845 3562 874 3609 ut
897 3561 1009 3612 revocet
1057 3559 1122 3609 tunc
1136 3552 1199 3608 solia
1214 3552 1314 3608 cadunt
1328 3559 1354 3607 et
1367 3551 1477 3618 fructus,
1492 3551 1536 3608 vel
1550 3552 1573 3606 si
1597 3552 1784 3623 supercrescit
1805 3550 1853 3607 lm·

174 3674 177 3679 ·
201 3659 250 3700 eos
280 3645 325 3717 qui
354 3643 525 3700 crediderant
550 3642 680 3715 malignis
706 3650 733 3697 et
759 3643 860 3715 impiiS,
888 3644 1007 3700 ostendit
1057 3649 1126 3706 ctus,
1142 3642 1364 3697 adulterinusest
1378 3648 1404 3696 et
1418 3640 1531 3696 inutilis.
1548 3641 1576 3697 Si
1593 3640 1661 3712 quid
1675 3641 1852 3698 enimfaciuat

202 3741 301 3806 quanta
316 3734 351 3789 sit
366 3731 524 3805 magnitudo
539 3731 648 3786 Domini
672 3748 753 3802 quem
778 3740 890 3804 negant,
914 3741 1006 3789 osten·
1056 3731 1133 3802 impii
1147 3731 1220 3804 quod
1234 3731 1335 3787 bonum
1350 3731 1482 3799 videatur,
1498 3744 1553 3786 non
1566 3729 1642 3786 bona
1656 3730 1807 3787 intentione
1829 3728 1852 3783 id

202 3822 354 3895 densqucd
368 3821 427 3893 ipse
442 3829 484 3876 est
512 3820 558 3892 qui
582 3820 674 3876 eduxit
701 3820 830 3892 populum
858 3821 944 3877 lsrael
972 3838 1006 3878 ex
1056 3828 1150 3894 agunt,
1166 3820 1215 3875 scd
1231 3821 1341 3875 utbona
1355 3836 1415 3891 quae
1430 3827 1492 3874 sunt
1506 3820 1535 3874 in
1549 3818 1612 3874 aliis
1627 3821 1791 3892 exstirpent.
1812 3819 1851 3874 su

203 3911 328 3983 Egypto.
1055 3913 1184 3966 mortue.
1202 3908 1313 3980 (Dant.)
1332 3907 1424 3963 Semel
1437 3907 1550 3963 moritur
1565 3923 1627 3979 quae
1641 3925 1700 3964 non
1716 3908 1779 3965 sarit
1800 3906 1849 3962 irn-

237 4026 322 4081 γης.
336 4027 362 4079 6.
375 4053 410 4064 -
421 4023 540 4095 melos
551 4039 623 4080 „m
641 4024 675 4078 E,
694 4039 757 4079 vere
780 4040 835 4080 non
854 4033 917 4079 sun,
940 4025 1004 4079 imi,
1055 4004 1138 4067 ctum,
1155 4005 1218 4065 etc,
1235 4013 1322 4071 uscue
1336 3998 1373 4053 ad
1386 3998 1414 4052 in
1428 4013 1481 4070 qua
1491 3997 1579 4053 sancti
1588 3996 1723 4053 dicuntur
1736 3995 1848 4052 radicati.

207 4112 280 4168 uadi
296 4111 450 4184 quilesum
464 4127 519 4166 nou
534 4127 628 4167 verum
642 4112 740 4177 Deum,
757 4113 954 4169 sedhomiuem
969 4115 1004 4170 de
1090 4104 1445 4161 VERS·13·-Sidssta·lss
1466 4105 1517 4160 hoc
1544 4110 1686 4175 apostatas
1714 4101 1846 4177 Signifiw.

203 4209 319 4274 utroque
335 4217 401 4256 sexu
415 4200 537 4272 genitum
552 4201 729 4255 mentiuntur.
746 4201 773 4256 Si
798 4201 869 4256 enim
898 4202 1004 4275 angelis
1054 4193 1119 4265 quia
1134 4193 1161 4248 in
1186 4193 1389 4249 similitudinem
1420 4192 1531 4265 diaboli,
1547 4194 1582 4248 de
1606 4193 1724 4249 sedibus
1745 4192 1848 4265 angelo·

184 4290 380 4364 peccantibus
393 4306 448 4345 non
462 4289 594 4361 pepercit,
610 4304 660 4345 neo
675 4288 831 4344 hominihus
848 4291 1003 4362 superbien.
1053 4299 1113 4337 rum
1123 4282 1289 4350 ceciderunt,
1307 4283 1405 4355 quibus
1419 4290 1533 4354 propter
1542 4282 1714 4353 apostasiam
1739 4282 1846 4338 tenebrae

198 4381 272 4437 tibus
281 4387 385 4452 parcet.
393 4380 643 4436 Nonseroaueruttt
654 4395 737 4434 suctu
747 4380 952 4453 principatum.
962 4380 1006 4436 Sic
1054 4379 1239 4427 reservantur·
1257 4372 1480 4428 stomaticen
1502 4370 1625 4427 veritatis
1647 4369 1846 4447 promittuntur

208 4470 344 4538 homiues,
361 4469 472 4542 quinon
487 4476 595 4524 servant
608 4467 789 4539 principatum
803 4484 857 4541 quo
871 4486 921 4539 per
935 4485 1002 4540 gra·
1016 4444 1109 4516 Dhoc
1124 4461 1192 4516 mari
1206 4461 1341 4530 vitiorum,
1359 4461 1409 4516 sed
1437 4475 1574 4531 nunquam
1600 4459 1629 4514 in
1659 4461 1760 4517 eodem
1787 4465 1848 4514 statu

207 4559 272 4615 tiam
287 4559 440 4630 adoptionis
455 4557 503 4612 titii
516 4557 567 4612 Dei
582 4565 644 4612 sunt
659 4555 756 4614 effecti.
774 4558 829 4613 Sed
845 4557 1002 4630 relinquunt
1050 4549 1167 4607 docendi
1181 4549 1224 4607 vel
1239 4549 1301 4605 vitae
1310 4550 1470 4621 perdurant,
1488 4556 1513 4603 et
1528 4547 1590 4603 eliis
1611 4563 1699 4605 causa
1723 4544 1847 4619 naufragii

205 4647 379 4718 domicilium,
395 4649 423 4703 id
438 4656 478 4704 est
493 4647 624 4702 unitatem
638 4647 777 4714 Ecclesiae,
794 4647 822 4700 in
837 4663 891 4719 qua
914 4649 1000 4703 renati
1050 4646 1122 4704 sunt,
1139 4645 1165 4693 ct
1177 4637 1244 4709 ipsis
1257 4654 1306 4710 pro
1326 4637 1445 4694 tenebris
1468 4652 1537 4710 quas
1559 4637 1589 4693 in
1611 4637 1741 4694 Ecclesia
1753 4637 1801 4693 Dei
1809 4637 1846 4690 in·

199 4745 270 4803 sunt,
286 4737 329 4792 vel
344 4737 424 4793 sedes
439 4738 517 4809 regni
532 4736 651 4792 coelestis
666 4752 735 4807 quas
750 4736 887 4807 accepturi
910 4744 997 4804 crant,
1051 4728 1197 4794 ducebant,
1213 4728 1334 4784 tenebrae
1348 4726 1447 4783 inferni
1465 4733 1603 4799 parantur,
1635 4734 1662 4783 et
1690 4728 1738 4800 qui
1759 4740 1846 4799 pacem

198 4826 221 4880 si
236 4825 318 4880 fidem
333 4835 483 4893 servarent,
500 4833 526 4881 et
541 4824 742 4895 antejudicium
752 4825 872 4898 graviter
887 4832 913 4881 et
929 4841 997 4899 gra·
1046 4816 1110 4873 fidei
1132 4817 1269 4874 mundana
1292 4824 1450 4889 tempestate
1475 4817 1634 4884 turbabant,
1655 4817 1780 4889 procella
1793 4824 1845 4872 tor-

197 4914 258 4969 vius
269 4915 562 4983 inuniversalijudicio
573 4915 721 4969 damnabit.
737 4915 859 4971 lincolia
869 4916 995 4971 ceteruia.
1047 4916 1202 4963 mentorum
1224 4906 1419 4979 percellentur·

200 5001 231 5056 Id
243 5010 285 5057 est
299 5004 427 5074 superbia
441 5011 468 5058 et
482 5004 564 5059 corde
584 5002 775 5074 impoenitenti.
792 5003 843 5059 Vel
864 5003 999 5060 sententia
1082 5034 1167 5088 pm
1180 5035 1265 5089 44·—
1274 5034 1465 5106 Prophemvp·
1475 5031 1648 5099 Nonwlum,
1666 5030 1766 5105 inquit,
1789 5043 1841 5085 mea

198 5089 290 5145 divina
305 5108 364 5162 qum
375 5108 426 5189 eos
441 5091 468 5145 in
482 5099 644 5162 perpetuum
665 5091 824 5147 coarctabit.
834 5091 884 5148 Vel
899 5091 996 5148 vincu-
1045 5123 1199 5178 auctoriate
1215 5122 1301 5194 probo
1324 5121 1397 5194 quod
1425 5120 1558 5192 puniendi
1585 5128 1659 5191 sum,
1690 5121 1742 5176 sed
1770 5119 1841 5175 etjam

196 5176 253 5231 lum
268 5186 308 5276 est
321 5180 452 5278 cupiditas
479 5179 633 5234 infimarum
654 5196 753 5251 rerum,
780 5196 834 5252 qua
857 5180 941 5238 vincli
960 5180 997 5236 ad
1045 5212 1203 5267 auctoritate
1216 5212 1321 5280 Enoch,
1337 5210 1411 5282 quod
1421 5211 1479 5280 jam
1493 5209 1560 5265 olim
1575 5210 1734 5281 praescripti
1747 5207 1838 5264 suntin

179 5359 180 5362 Ἴ
196 5282 334 5337 ⁵⁰p⁰s¹⁰s³
349 5276 447 5322 ‘emm
460 5284 515 5322 ¹¹⁰⁰
533 5276 657 5339 P⁰S⁸¹¹¹¹²·
1045 5300 1098 5356 tale
1109 5300 1239 5369 judicium
1252 5299 1329 5371 impii
1342 5299 1477 5367 homines,
1494 5299 1541 5372 qui
1554 5299 1657 5354 nostris
1681 5297 1837 5370 temporibus

231 5382 317 5437 Vsus
330 5383 622 5439 7.—StcutSodomo.
630 5384 747 5439 Dederat
756 5382 912 5455 exemplum
920 5383 995 5438 dam·
1044 5389 1254 5445 subintroiemnt
1287 5388 1321 5442 ad
1364 5386 1577 5444 subvertendam
1618 5386 1703 5443 fidem
1734 5388 1835 5460 piomn.

194 5470 312 5526 nationis
326 5486 422 5527 eorum
441 5471 487 5543 qui
515 5472 601 5526 solum
627 5472 825 5528 dominatorem
853 5480 955 5545 negant
984 5489 991 5527 :
1042 5479 1146 5534 Enoch.
1164 5479 1195 5533 ln
1211 5478 1294 5549 stirpe
1308 5476 1385 5544 Cain,
1401 5478 1507 5543 Enoch,
1524 5476 1572 5548 qui
1597 5476 1741 5535 dedicatio
1763 5477 1833 5530 inter·

193 5567 403 5617 commemorato
418 5560 528 5615 interitu
544 5559 660 5616 infidelis
674 5563 767 5633 populi
778 5563 992 5635 velangolorum
1041 5574 1172 5639 pretatur,
1187 5566 1291 5639 primus
1306 5566 1447 5635 nascitur;
1463 5565 1491 5621 in
1506 5564 1735 5623 electorumvero
1744 5576 1832 5638 proge-

195 5650 358 5724 erigentium
372 5665 403 5708 se
416 5658 514 5708 contra
536 5650 635 5721 Deum,
660 5652 706 5707 dat
728 5651 810 5708 etiam
837 5651 992 5725 exemptum
1041 5656 1096 5727 nie,
1112 5656 1208 5714 Enoch
1223 5655 1354 5728 septimus
1368 5661 1545 5723 memoratur,
1562 5655 1610 5728 qui
1625 5655 1740 5730 reprobi
1753 5654 1779 5710 in
1791 5652 1831 5706 hae
