3772 6112
123 304 154 358 bl
388 301 590 358 wataratot
608 300 729 358 statar
748 298 849 356 FULD.
869 294 955 352 ΜΘΝ.
978 295 1053 356 ΟΡΡ.
1074 298 1163 357 PARS
1183 301 1204 356 1.
1221 331 1256 342 -
1274 299 1510 359 THEOLOGlCh.
1730 309 1764 361 δί

109 425 255 498 mitigaret,
280 435 307 482 et
321 425 451 482 leuiorem
475 426 636 482 sententiam
664 424 832 497 susciperet;
858 420 945 482 sedA
958 422 1066 479 Domini
1080 423 1181 480 ibidem
1195 425 1361 482 haberenon
1375 427 1524 482 dehebant.
1544 427 1658 499 hlystice
1668 436 1760 485 autem

114 530 192 570 mens
206 514 333 570 indurata
347 514 450 587 corrigi
464 529 519 570 non
532 522 649 585 poterat.
961 526 1016 568 non
1030 520 1144 570 uocatur
1158 528 1257 570 nomen
1266 515 1374 570 Domini
1384 531 1432 571 ore
1442 515 1635 571 hereticorum
1650 517 1765 574 interra

149 602 235 658 Vsus.
250 605 295 661 22.
311 633 346 646 -
360 604 439 660 Eece.
464 600 606 674 Significat
621 601 693 673 quod
717 599 789 656 llum
803 598 911 674 eogita-
961 601 1012 675 AEg
1030 603 1068 675 pti
1085 620 1091 657 :
1108 602 1172 675 quia
1186 619 1237 658 nee
1248 618 1338 659 sermo
1352 619 1447 660 eorum
1463 620 1514 661 uec
1530 605 1629 673 oratio,
1655 605 1721 662 dum
1736 607 1764 662 in

112 691 160 757 tio,
177 699 242 758 eto,
258 707 345 765 aspra
359 691 396 747 ad
409 698 437 747 et
450 690 568 747 enimam
596 690 660 764 igne
674 689 815 747 comburet
832 687 910 744 inex·
961 705 1056 746 errore
1071 699 1143 759 sunt,
1155 698 1268 762 accepta
1283 698 1325 747 est
1338 691 1405 749 Deo.
1422 695 1481 748 Non
1497 695 1765 752 envimeatPalcbra

113 779 276 852 atinguibili.
962 779 1024 836 laras
1039 781 1125 837 inore
1137 782 1294 853 peccatoria
1310 781 1396 852 (hoel.
1413 781 1535 854 minui
1546 799 1614 856 ergo
1628 782 1764 841 inerrare

384 866 496 925 CAPUT
513 865 644 924 XXXIX.
960 869 1206 940 perseuerauerint,
1217 870 1345 941 peribunt
1359 869 1453 944 gladio
1464 870 1579 927 districti
1593 871 1699 941 judicii.
1711 873 1765 942 Qui

962 965 1062 1025 autem,
1079 956 1174 1014 relicto
1190 973 1293 1025 errore,
1309 958 1344 1014 de
1354 959 1470 1032 AEgypto
1485 959 1624 1015 interram
1638 960 1711 1016 Juda
1721 977 1766 1017 rc-

962 1046 1062 1102 dierint
1084 1046 1247 1118 prenitentes
1263 1063 1270 1100 :
1287 1055 1313 1102 et
1338 1046 1468 1119 deinceps
1493 1048 1655 1105 catholicam
1680 1048 1764 1106 fidem

961 1142 1084 1193 tenentes
1099 1134 1285 1192 salvabuntur.

149 991 235 1048 Vnus.
252 993 296 1047 l'l.
311 1020 346 1032 -
360 993 396 1047 et
411 990 530 1048 liberabo
546 995 582 1046 te.
602 990 654 1058 Qui
673 995 791 1062 sperant
814 993 845 1046 in
859 992 911 1046 llo·

113 1082 193 1138 mino
207 1097 264 1138 non
279 1079 493 1152 confundentur
509 1079 586 1152 (Sap.
603 1077 677 1149 xrs).
695 1079 912 1149 confundentur

113 1183 210 1225 omnes
224 1170 323 1242 iniqua
336 1172 451 1240 rpentes
465 1166 554 1237 (Psoi.
578 1167 672 1238 xxiv.)
687 1165 759 1224 Ecce
773 1167 912 1240 principes

114 1256 161 1330 qui
175 1256 294 1313 animam
316 1254 442 1312 ieremias
457 1255 626 1328 querebant,
644 1254 826 1325 captivantur.
851 1255 910 1311 Eu·
1257 1277 1369 1334 CAPUT
1389 1277 1470 1334 XLV⁸

112 1344 218 1402 nuchus
246 1342 293 1417 qui
307 1358 370 1400 eum
383 1342 550 1399 liberauerat
564 1341 685 1414 perlecta
699 1343 800 1414 potitus
823 1351 865 1399 est
879 1343 912 1399 li-

113 1434 229 1490 bertate.
245 1431 291 1488 Sic
306 1447 415 1506 quoque
425 1431 549 1487 liberatis
559 1431 661 1488 sanctis
673 1432 910 1503 praedicatoribus,
998 1415 1083 1473 ΨΜ·
1099 1415 1373 1490 l.-l'erbumpnod
1383 1416 1542 1473 &cultim
1552 1416 1700 1481 Ieremifli·
1711 1423 1763 1472 ⁰¹⁰·

112 1529 305 1595 persecutores
319 1528 422 1577 migma
436 1519 539 1577 ultione
553 1519 709 1592 punientur,
962 1505 1048 1561 liudis
1062 1505 1152 1563 adhuc
1165 1505 1195 1560 in
1209 1504 1353 1561 tolerantie
1367 1503 1525 1576 passionum
1537 1519 1606 1577 quas
1618 1510 1765 1576 exspertu-

424 1643 536 1702 CAPUT
549 1641 598 1700 XL
962 1610 1011 1650 rus
1034 1602 1093 1652 erat
1116 1595 1232 1662 horuch,
1262 1593 1371 1665 expauit
1394 1592 1559 1665 captivitatis
1583 1592 1765 1650 calamitatem

601 1685 607 1699 “
963 1699 1017 1756 que
1030 1691 1154 1755 tempore
1167 1682 1292 1740 Joaehim
1306 1680 1354 1737 lilii
1363 1681 1455 1747 losiae,
1472 1681 1549 1755 regis
1558 1681 1629 1738 luda
1639 1680 1765 1738 immine·

149 1769 235 1827 Vnus.
251 1773 277 1826 l.
293 1798 329 1811 -
342 1770 438 1829 Serota
452 1769 500 1842 qai
521 1771 684 1841 forinseci,
700 1774 753 1825 etc.
777 1766 914 1837 Quaeritur
927 1773 1021 1841 Bbat,
1037 1774 1110 1829 unde
1125 1771 1302 1845 conqueritur
1317 1770 1441 1827 dolorem
1456 1769 1578 1825 additum
1598 1768 1688 1826 dolori
1704 1785 1764 1837 suo,

114 1858 252 1932 quomodo
266 1859 313 1916 hit
327 1873 419 1915 SermO
441 1855 561 1925 Domini,
586 1864 651 1935 elbo
667 1871 754 1930 mone
780 1856 817 1913 od
837 1857 916 1927 jmta
963 1861 1007 1923 oui
1021 1876 1184 1934 responsum
1199 1869 1241 1916 est
1255 1876 1271 1917 a
1286 1859 1402 1917 Domino
1417 1858 1481 1931 quia
1496 1858 1634 1930 superflue
1649 1867 1764 1932 quaerat,

113 1945 605 2006 ⁸01m01¹0mDomissilibelfllusesl·
963 1951 1016 2008 sihi
1029 1966 1136 2023 pacem,
1162 1965 1224 2007 curn
1248 1956 1320 2005 totus
1334 1947 1452 2021 populus
1477 1945 1584 2004 laboret
1610 1947 1661 2003 sub
1691 1946 1767 2004 fasee

149 2036 235 2094 Vsus.
246 2039 274 2095 2.
288 2065 323 2077 -
336 2035 445 2093 totiens
460 2046 533 2106 erpo.
554 2033 699 2106 Descripta
707 2033 857 2090 vastatione
864 2050 914 2090 ur-
964 2038 1178 2096 tribulationum.
1195 2035 1337 2112 Significat
1352 2044 1442 2094 autern
1457 2052 1506 2094 eos
1531 2036 1577 2109 qui
1591 2036 1620 2092 in
1634 2052 1768 2108 pressura

113 2125 166 2194 bis,
183 2124 339 2193 &interitus
351 2130 377 2180 θῑ
388 2122 657 2195 ssflpllliltlePOPUli»
668 2131 695 2179 tt
704 2120 913 2197 perfidisrcgis,
963 2127 1168 2185 tribulationum
1182 2127 1227 2185 uel
1237 2126 1469 2199 persecutionum,
1482 2124 1580 2199 quibus
1595 2124 1766 2196 inpraesenti

112 2213 237 2288 ‘equitur
252 2212 318 2286 quid
331 2213 367 2268 dt
379 2210 501 2269 Jffl'emil
522 2210 624 2269 sallum
639 2211 683 2279 ⁸52,
700 2217 727 2268 el
741 2211 775 2268 de
792 2210 915 2284 reliquiis
964 2217 1088 2274 Ecclesia
1102 2224 1244 2291 gravatur,
1261 2213 1484 2288 pusillanimitate
1498 2213 1624 2281 titubant,
1637 2228 1766 2286 queren-

112 2301 216 2374 populi,
233 2316 303 2374 quas
316 2299 451 2375 PPOPhelt
463 2300 568 2356 ¹¹¹011uil
591 2316 626 2356 ΘΧ
639 2299 726 2357 verbo
744 2299 854 2357 Domini
867 2315 914 2356 se·
963 2314 1005 2363 tes
1013 2305 1237 2374 consolationem,
1250 2320 1310 2379 quae
1321 2305 1349 2359 in
1365 2301 1456 2359 futuro
1475 2302 1652 2375 promittitur.
1666 2302 1765 2359 Unde:

113 2391 181 2449 dere
191 2389 219 2445 in
228 2397 304 2447 lem
313 2404 373 2457 ΒΜ,
386 2396 413 2445 el
423 2388 528 2456 wille
542 2388 603 2462 redi
617 2388 915 2460 Balll¹⁰1¹isstillsivero
968 2398 1014 2454 Vor
1028 2398 1126 2454 antem
1140 2394 1391 2460 contristabimini,
1408 2392 1456 2449 sed
1472 2393 1593 2450 tristitia
1603 2394 1698 2448 vestro
1709 2406 1768 2447 oer-

112 2479 269 2537 mcluerunt
282 2478 323 2537 ire
338 2477 530 2552 inAEgyptum
542 2477 590 2533 uhi
604 2485 758 2550 coapostea
767 2477 915 2535 Nabucho·
963 2488 1042 2541 teror
1053 2486 1086 2540 tn
1098 2483 1234 2556 pannium
1248 2482 1343 2554 (roan,
1359 2481 1433 2553 xvi.)

112 2567 235 2626 donoaor
248 2567 404 2636 trucidavit,
421 2574 448 2622 et
461 2567 551 2639 ipsam
564 2565 711 2640 AEgyptum
724 2567 851 2625 uastauit.

148 2657 235 2716 Vnus.
251 2661 277 2715 3.
292 2687 328 2700 -
341 2659 378 2713 at
398 2658 493 2728 factas
515 2659 560 2713 est
580 2655 664 2714 vobo.
688 2655 730 2712 Ex
756 2657 809 2713 hoc
832 2655 915 2711 etiam
1248 2625 1360 2682 CAPUT
1378 2623 1474 2680 XLVI·

112 2744 175 2803 loco
189 2744 361 2802 manifestum
375 2751 417 2799 est
428 2733 530 2812 Deum,
551 2750 616 2812 etc..
632 2759 720 2819 inpare
734 2745 770 2801 ad
783 2743 834 2801 Dei
848 2759 915 2802 uero
1000 2751 1085 2806 vaus.
1103 2753 1129 2806 t.
1145 2781 1180 2792 -
1196 2749 1272 2818 Qrcod
1287 2752 1398 2822 factam
1411 2753 1455 2807 eat
1468 2748 1591 2815 narbam,
1609 2754 1661 2805 etc.
1673 2747 1769 2821 (han.)

113 2834 393 2905 sententiamjustam
407 2831 605 2905 Plaeditlblssl·
965 2840 1103 2896 llactenus
1129 2841 1264 2912 propheta
1290 2838 1396 2896 miitim
1418 2839 1452 2895 dc
1475 2837 1546 2894 luda
1561 2845 1588 2893 et
1603 2837 1700 2903 lsrael,
1732 2837 1768 2894 de

413 2956 526 3014 CAPUT
545 2955 616 3012 XM·
965 2926 1100 2984 Chaldaeis
1122 2935 1149 2983 ct
1172 2926 1294 3001 AEgsptis
1324 2943 1374 2999 pro
1399 2925 1587 2983 convenientia
1601 2925 1769 2980 narrationis

965 3016 1031 3089 egit,
1048 3023 1111 3084 eto,
1127 3031 1214 3088 enque
1228 3016 1265 3072 ad
1276 3031 1347 3072 anno
1361 3015 1486 3071 Joachim
1500 3013 1547 3068 silli
1560 3013 1643 3071 losiae
1658 3013 1768 3085 quando

150 3074 237 3132 vm·
253 3079 279 3131 ⁸·
295 3103 330 3116 “
344 3075 445 3130 Decem
467 3072 524 3129 ”iri
537 3072 643 3144 reperti
665 3074 735 3170 ,mnf
757 3071 835 3128 inter
857 3086 913 3140 ⁶⁰³³
965 3105 1072 3159 Pharao
1098 3104 1210 3160 Neohao
1238 3120 1288 3159 rex
1310 3103 1418 3175 AEgypti
1441 3101 1469 3156 in
1497 3101 1675 3157 charchamis
1706 3117 1768 3158 cum

118 3162 252 3221 mem
269 3161 451 3221 mmmm·
463 3160 620 3217 Thesaurus
630 3176 702 3216 emm
715 3174 745 3214 m
758 3174 837 3232 εἴη
853 3166 919 3230 Μ’
929 3148 952 3214 G
964 3191 1219 3248 Nabuchodonosor
1233 3190 1374 3264 pugnavit,
1391 3197 1418 3245 ct
1433 3196 1577 3260 superatus
1593 3196 1644 3245 est.

114 3268 202 3326 “W
216 3251 252 3308 “d
266 3250 319 3308 Per
334 3248 491 3308 calcaneum
505 3249 587 3316 enim*
604 3248 650 3322 qni
672 3246 735 3335 ,ΜΒ
750 3255 792 3304 ‘³⁸‘
814 3262 915 3321 ⁰⁰r90'
1002 3282 1087 3336 h'nus.
1103 3285 1130 3336 9.
1145 3310 1180 3321 -
1202 3280 1352 3337 Ascendite
1379 3295 1472 3352 equor.
1489 3278 1555 3349 (lo.)
1585 3277 1714 3334 Haeretici
1742 3269 1771 3334 et

114 3340 164 3409 ω’
181 3339 313 3396 ‘erminus
328 3337 498 3442 significatur
512 3337 635 3394 mimis·
681 3427 686 3441 ,
936 3399 941 3409 ·
966 3368 1132 3427 schismatici
1146 3384 1180 3424 ex
1202 3368 1319 3424 diuersis
1332 3367 1481 3439 provinciis
1504 3366 1567 3434 orti,
1585 3366 1690 3422 frustra
1712 3366 1770 3422 dis·

151 3426 916 3498 v⁸³⁸·¹⁶·“Tum⁸r9⁰J⁰h⁰mmfih²⁴⁸C²reoe⁰²⁰m
966 3465 1070 3530 ponunt
1089 3465 1184 3514 eontra
1212 3456 1349 3513 civitatem
1364 3456 1415 3513 Dei
1430 3455 1512 3523 bella,
1530 3464 1595 3522 etc„
1622 3472 1710 3529 usqae
1734 3455 1771 3512 ad

117 3514 916 3591 nesprincipesbellotornrnpnimonteaureo,etc.Hunc
967 3561 1029 3603 cum
1044 3546 1187 3603 traduntur
1215 3546 1354 3600 inmanus
1382 3545 1441 3614 ejus
1470 3545 1531 3616 quis
1562 3544 1659 3599 solium
1690 3560 1771 3599 suum

118 3607 213 3707 lugam
229 3605 408 3679 reliquiarum
421 3612 448 3659 et
462 3602 605 3703 transitum
621 3611 717 3659 eontra
731 3602 846 3658 verbum
855 3604 916 3703 lio-
966 3636 1057 3708 posuit
1085 3637 1120 3692 ad
1147 3635 1320 3708 Aquilonem,
1346 3643 1375 3690 ut
1405 3634 1494 3690 minat
1522 3634 1614 3690 cosin
1642 3641 1772 3707 stagnum

115 3713 182 3752 mnu
196 3712 224 3750 rn
238 3696 383 3769 AEgyptum
399 3709 480 3766 quem
502 3695 637 3792 leremras
652 3692 736 3793 longa
761 3701 917 3792 narratione
967 3726 1039 3800 ignis
1054 3733 1080 3782 οἱ
1095 3725 1242 3797 sulphuris·

114 3785 160 3843 hic
174 3785 299 3852 retexuit,
317 3784 399 3857 longe
414 3790 477 3839 aute
487 3784 573 3838 Isaras
588 3782 722 3854 praedrxrt,
745 3791 854 3838 centum
864 3797 917 3838 scr·
1003 3816 1088 3871 Vm·
1106 3818 1149 3870 Η.
1173 3815 1296 3871 Ascende
1311 3815 1343 3868 in
1374 3813 1490 3870 calaad·
1508 3811 1614 3887 (Hm)
1635 3811 1715 3867 Mons
1730 3820 1774 3867 est

115 3873 180 3932 licet
194 3873 389 3974 quinqufgima
403 3871 554 3974 annuum
569 3871 678 3926 suerum
690 3871 762 3974 infef
783 3870 881 3974 ΜΨ
892 3877 918 3926 et
968 3903 1004 3959 ad
1019 3919 1099 3975 quem
1114 3903 1230 3974 septima
1244 3902 1294 3958 Die
1309 3902 1383 3957 venit
1396 3901 1493 3970 Jacob,
1519 3903 1554 3957 de
1569 3901 1703 3956 Charram
1729 3899 1772 3955 iu-

114 3958 259 4019 seremmm
275 3963 385 4018 dmm
402 3963 443 4018 Vm
452 3960 680 4029 fil²²de⁸er²⁰r⁶⁸’
692 3960 915 4026 “mmmm‘’
967 3991 1046 4063 giens
1062 4007 1068 4045 τ
1086 3999 1127 4046 est
1138 3998 1228 4045 autem
1239 3991 1274 4045 ad
1290 3998 1396 4063 tergum
1407 3990 1540 4046 l‘haeuieis
1551 3997 1577 4046 et
1591 3988 1701 4045 Arabiae
1711 3987 1773 4044 eol·

116 4054 150 4109 ω
160 4053 288 4124 mmm
298 4050 461 4115 mmmm
474 4051 570 4104 “mm
580 4062 617 4104 ω
628 4065 671 4105 ’Μ
681 4047 751 4118 (lsai
761 4047 845 4119 ω’
862 4054 915 4105 em·
967 4058 1039 4134 libus
1052 4079 1146 4135 Libani
1156 4079 1307 4150 copulatus,
1329 4079 1536 4152 extenditurque
1557 4095 1608 4149 per
1623 4078 1767 4133 desertum

354 4172 479 4228 capua
496 4170 581 4239 XLll,
601 4170 698 4226 XLlll.
967 4169 1105 4241 usquead
1128 4176 1205 4223 trans
1227 4170 1376 4224 lordauem
1400 4168 1446 4224 ubi
1462 4167 1594 4224 habitavit
1618 4167 1692 4222 Scan
1723 4181 1774 4222 rex

967 4259 1199 4314 amorrhaeorum.
1230 4257 1334 4314 Cecidit
1361 4265 1452 4312 autem
1479 4256 1623 4313 insortam
1652 4253 1772 4310 sthorurn

967 4346 1063 4403 lluhcn
1078 4354 1105 4402 et
1120 4346 1190 4416 Gad,
1208 4354 1234 4402 et
1248 4345 1368 4403 dimidiat
1384 4346 1470 4402 trihus
1485 4347 1622 4402 hienasse.

402 4414 514 4474 CAPUT
536 4415 631 4471 XLIV·
1006 4436 1079 4492 Tolle
1089 4437 1225 4491 resinam.
1237 4435 1331 4506 (ilar.)
1347 4435 1447 4503 Graeci,
1469 4435 1572 4522 ῥητίνην
1587 4446 1705 4504 uocant;
1722 4430 1774 4516 ρἐ

154 4542 240 4599 Vsus.
257 4544 302 4598 lb.
317 4572 352 4584 -
365 4539 579 4614 Responderunt
593 4541 691 4594 aratam
704 4539 841 4605 teranto,
863 4544 915 4595 etc.
930 4509 1042 4593 Denim
1060 4537 1159 4594 dicitur
1174 4538 1208 4593 de
1224 4554 1256 4593 eo
1272 4537 1345 4610 quod
1359 4546 1461 4605 manat,
1478 4547 1542 4606 etc.¹
1559 4556 1647 4613 nsque
1662 4542 1698 4599 ad
1708 4544 1774 4616 quis

119 4631 208 4688 Stulta
222 4628 376 4702 responsio.
400 4628 568 4685 Confitentur
583 4644 646 4684 eum
666 4625 740 4697 loqui
759 4625 786 4682 in
810 4626 920 4683 nomine
969 4643 1024 4684 non
1034 4626 1168 4699 accipient
1181 4627 1217 4683 ah
1232 4625 1273 4682 eis
1288 4626 1440 4693 sanitatem,
1457 4627 1507 4682 sed
1522 4627 1724 4689 contusionem.

118 4719 237 4786 Domini,
254 4727 280 4774 ct
295 4734 350 4773 non
364 4718 549 4789 asquiesount,
565 4718 614 4774 sed
637 4723 788 4788 sequuntur
801 4715 920 4787 prauita-
1006 4717 1090 4772 Vsus.
1103 4719 1145 4772 tt.
1163 4746 1197 4757 -
1220 4715 1381 4772 Audierint
1394 4720 1501 4788 pentes.
1528 4717 1594 4791 (lo.)
1619 4718 1690 4786 Quia
1716 4720 1774 4778 fru-

118 4810 153 4866 tis
169 4824 225 4865 suae
240 4806 393 4864 consilium.
409 4807 532 4877 Mystico.
548 4806 651 4862 Omnes
665 4804 785 4862 haeretici
796 4803 825 4859 in
837 4805 920 4877 AEgy·
970 4812 1056 4861 strato
1067 4804 1163 4861 solatio
1177 4804 1323 4872 idolorum,
1337 4812 1400 4871 etc..
1417 4821 1503 4879 nsque
1513 4806 1549 4862 od
1565 4821 1620 4863 non
1630 4807 1775 4867 victoriam

118 4907 167 4973 pto
181 4897 263 4967 hujus
276 4895 379 4951 mundi.
395 4895 426 4950 ld
440 4903 491 4962 est,
507 4894 536 4950 in
558 4895 679 4951 tenebris
703 4893 805 4951 erroris
820 4893 921 4950 consti·
970 4894 1093 4952 ueritatis
1107 4893 1252 4965 accipiunt,
1270 4894 1318 4950 sed
1333 4909 1428 4949 errore
1447 4895 1547 4968 captiui
1560 4896 1664 4967 pariter
1688 4897 1715 4953 in
1731 4898 1776 4955 io·

121 4986 181 5055 tuti,
198 4982 334 5046 sacrificia
347 4999 403 5040 non
418 4985 475 5040 Deo
498 5000 575 5049 uero,
602 4985 651 5039 sed
666 4982 835 5041 daemonibus
854 4981 921 5039 offe·
971 5000 1051 5042 veum
1059 4984 1220 5057 perditionis
1235 4984 1344 5040 cadunt.

121 5085 195 5144 runt,
211 5090 274 5132 oum
288 5072 420 5148 figmenta
434 5080 461 5129 et
474 5087 561 5145 prava
576 5073 705 5146 dogmata
720 5072 755 5128 ad
779 5070 921 5144 decipien·
1008 5073 1092 5132 Vsus.
1106 5075 1149 5129 tt.
1165 5103 1199 5113 -
1224 5073 1404 5129 denuntiate
1419 5074 1545 5146 AEpppto.
1570 5070 1656 5143 Quasi
1679 5075 1773 5132 dicat:

122 5166 174 5223 dos
188 5163 314 5221 homines
327 5170 354 5219 et
368 5160 451 5220 iidem
466 5160 679 5217 subvertendum
697 5160 829 5238 scribunt.
855 5160 922 5217 Ideo
971 5161 1027 5218 Vos
1044 5160 1090 5235 qui
1105 5160 1221 5217 audistis
1242 5159 1401 5216 vaticinium
1428 5178 1530 5229 meum,
1555 5162 1677 5220 nurntiate
1697 5164 1773 5221 Pha·

122 5252 234 5311 uenient
248 5267 332 5323 super
345 5267 393 5309 eos
406 5249 487 5318 mala,
504 5257 531 5307 et
545 5256 625 5306 erunt
638 5249 668 5304 in
690 5247 888 5307 desolationem
896 5256 923 5307 et
973 5250 1051 5307 raoni
1067 5249 1129 5322 quia
1141 5266 1229 5322 prope
1245 5257 1286 5305 est
1302 5257 1409 5322 tempus
1425 5259 1451 5306 et
1466 5249 1597 5307 tumultus
1612 5250 1687 5309 belli.

124 5342 153 5400 in
168 5351 318 5414 stuporem.
815 5387 823 5403 ,
1008 5341 1094 5396 Vnus.
1111 5343 1154 5396 l8.
1171 5369 1205 5381 -
1221 5338 1360 5408 Quoniam
1373 5342 1449 5397 sicat
1467 5340 1581 5398 Thabor.
1598 5342 1657 5398 Iloc
1681 5350 1772 5400 estex

156 5431 244 5489 Vnus.
259 5431 305 5490 26.
320 5459 355 5471 -
368 5429 438 5487 Vivit
452 5427 598 5496 Dominus,
614 5434 666 5484 ete.
678 5425 846 5485 contradicit
854 5442 923 5500 pro·
973 5427 1177 5501 comparatione
1200 5427 1325 5486 locorum
1336 5427 1543 5502 frugiferorum,
1560 5429 1637 5503 quasi
1652 5429 1679 5486 in
1703 5433 1775 5489 mari

122 5523 204 5597 pheta
218 5536 252 5577 ex
274 5532 402 5575 sermone
416 5515 525 5575 Domini
546 5531 582 5573 ne
605 5531 706 5573 nornen
728 5515 787 5587 ejus
810 5525 923 5574 uocetur
974 5518 1189 5587 submersorum,
1206 5518 1342 5591 grandem
1356 5516 1546 5591 AEgyptiorum
1561 5520 1676 5591 potestis
1690 5520 1774 5578 intel-

124 5627 175 5669 ore
185 5609 344 5668 ludaeorum
358 5607 387 5665 in
400 5613 476 5664 terra
489 5603 609 5682 AEetttit
625 5604 753 5680 qnoniam
768 5604 815 5679 qui
828 5613 924 5663 contra
972 5607 1060 5684 ligere
1074 5607 1191 5666 ruinam.
1207 5607 1313 5682 (Hiar.)
1328 5605 1437 5663 Thabor
1447 5607 1579 5664 terminus
1589 5610 1773 5675 estZahulon‚

124 5699 176 5759 Dei
197 5703 364 5774 preceptum
385 5695 452 5758 alac
473 5693 700 5770 pertransierant,
723 5693 924 5768 protectionem
973 5713 1053 5757 mons
1066 5697 1095 5756 in
1108 5696 1199 5756 medio
1212 5695 1343 5775 ⁸Galilaea
1371 5709 1479 5770 caupo,
1509 5696 1581 5757 ruha
1607 5699 1774 5759 rotunditate

265 4291 384 4365 (lenm
399 4306 479 4348 sacer
492 4292 554 4347 sine
570 4290 770 4364 expositione.)
