3772 6112
142 228 195 283 355
452 223 655 281 wilarium
668 222 790 281 statut
803 222 904 281 rulo.
920 220 1007 281 noh.
1023 221 1099 281 ΟΡΡ.
1110 221 1199 281 PARS
1213 222 1235 279 i.
1247 236 1283 265 ··-
1291 220 1529 279 resonemus.
1736 225 1787 281 lbi

143 365 206 408 curn
218 348 309 407 divina
322 348 421 405 virtute
435 346 643 420 periecteiuerit
656 345 937 420 indutus,tuncquasi
947 361 1039 423 gnos
1052 353 1116 418 post
1130 345 1266 403 celebrata
1287 346 1316 401 in
1329 345 1535 418 Hierosolymis,
1558 345 1589 401 id
1612 351 1657 403 est
1683 342 1789 405 visione

88 464 92 476 ·
142 437 265 509 sseipso
279 436 354 494 foras
369 445 457 506 exeat,
473 437 542 493 alios
556 436 725 493 instruendo.
867 446 868 450 ’
989 435 1075 508 ριιείε,
1091 435 1266 506 passioniset
1279 434 1485 492 resurrectionis
1503 433 1648 504 solemnia,
1674 435 1796 493 Domino

179 526 270 584 Vnus(
283 530 327 582 50.
339 556 374 567 -
383 526 491 584 Eduxit
505 530 602 582 autem
616 542 671 583 eos.
684 522 942 581 Praetemnissisom·
991 524 1059 581 duee
1073 532 1197 596 petamus
1211 524 1379 592 bethaniam,
1402 532 1432 580 nt
1444 530 1537 581 mente
1550 523 1645 596 quieta
1665 523 1796 595 eorporis

141 615 224 672 nibem
238 630 299 687 quae
314 631 365 687 per
380 614 560 688 quadraginta
581 613 641 670 dies
655 622 732 686 gesta
756 621 827 681 sunt,
851 612 941 685 primo
991 620 1017 670 et
1031 613 1171 686 sanguinis
1187 614 1244 683 ejus
1259 612 1434 670 sacramentis
1456 612 1619 681 imbuamur,
1643 618 1672 668 et
1697 611 1798 671 domus

141 703 350 762 resurrectionis
366 703 420 759 diei
434 703 514 760 tacite
529 702 669 776 conjungit
684 702 864 760 novissimum
886 716 942 775 qno
991 701 1155 759 obedieutiae
1170 718 1232 759 esse
1246 719 1383 760 curemus.

142 793 266 851 moendit
280 792 308 847 in
322 791 431 848 eoelum.
441 793 475 847 Et
489 791 603 862 pulchre
617 792 807 849 benedictums
819 789 941 861 discipu·
1027 792 1187 849 laudantes
1196 795 1225 848 et
1236 792 1443 849 benedicentes.
1452 789 1540 847 Lucas
1549 788 1596 862 qui
1606 789 1798 847 sacerdotium

141 880 193 950 los,
209 881 298 939 educit
311 880 340 937 in
352 880 519 948 bethaniam,
536 897 597 953 quae
610 881 708 937 domus
723 880 885 937 obedientie
899 878 942 934 di·
990 878 1092 935 Ghristi
1116 880 1224 937 oaeteris
1245 880 1361 952 amphus
1384 878 1576 950 exponendum
1596 877 1743 951 suscepit,
1768 884 1797 934 et

141 970 221 1037 citur,
239 970 301 1042 quis
324 969 370 1042 qui
384 978 496 1042 propter
518 968 730 1026 inobedientiam
745 984 941 1040 perversorum
990 967 1054 1024 ideo
1068 968 1250 1042 Evangelinm
1265 985 1345 1024 snum
1359 967 1539 1025 aministerio
1554 966 1649 1039 templi
1673 983 1727 1039 per
1750 981 1796 1023 ss·

141 1059 301 1128 deseendit,
326 1067 439 1132 propter
460 1059 641 1117 obedientiam
666 1074 864 1117 conversorum
891 1073 939 1115 as-
991 1056 1142 1114 cerdotium
1159 1057 1295 1114 Zachariae
1316 1057 1411 1128 coepit,
1435 1055 1550 1128 pulchro
1571 1056 1627 1113 boo
1650 1055 1680 1111 in
1704 1054 1798 1127 tempb

143 1147 243 1206 cendit.
988 1145 1136 1203 devotione
1158 1145 1315 1219 complevit,
1335 1160 1399 1203 cnm
1421 1144 1554 1217 apostolis
1577 1144 1617 1200 ibi
1642 1143 1796 1212 ministros,

179 1237 264 1293 Vens.
276 1239 320 1291 53.
332 1265 367 1275 -
381 1237 414 1291 ln
430 1238 543 1309 tempto.
559 1237 593 1292 Ut
607 1236 635 1291 in
649 1237 710 1292 loco
725 1234 855 1293 orationis
869 1235 941 1291 inter
989 1234 1106 1305 scilieet,
1132 1235 1196 1292 novi
1218 1235 1364 1293 sacerdotii
1384 1233 1503 1302 futuros,
1528 1249 1584 1291 non
1608 1232 1641 1289 in
1673 1232 1800 1290 victims·

142 1323 252 1380 laudum
266 1324 434 1391 devotiones,
455 1323 620 1395 promissum
644 1324 731 1381 saneti
753 1324 868 1396 Spiritus
890 1324 939 1379 ad·
988 1341 1050 1380 mum
1062 1325 1205 1399 sangnine,
1223 1324 1317 1382 sedin
1332 1324 1413 1381 laude
1423 1323 1475 1382 Dei
1486 1331 1515 1382 et
1529 1322 1729 1381 benedictione
1741 1337 1802 1380 eon-

142 1421 261 1483 ventnm,
276 1413 380 1484 paratis
393 1429 443 1484 per
456 1412 546 1469 omnia
558 1413 685 1469 cordibus
700 1420 865 1486 exspectent.
893 1412 939 1470 Sic
988 1412 1082 1469 eludit.

525 1724 835 1799 EVANGELIUM
860 1721 1118 1796 SECUNDUM
1142 1722 1381 1797 JOANNEM.

443 2001 639 2059 PROLOGUS.
956 2005 983 2064 Β
1028 2001 1137 2058 Domini
1148 2018 1208 2074 quae
1218 1999 1355 2056 Trinitatis
1368 1999 1539 2066 unitatem,et
1554 1997 1617 2056 vitae
1627 2003 1740 2056 aeternae
1752 1997 1794 2054 ιε-

999 2090 1126 2146 licitatem
1140 2090 1286 2156 insinuant,
1303 2088 1459 2163 diligentius
1473 2087 1630 2156 conscribit,
1659 2095 1687 2144 et
1709 2088 1750 2144 sie
1771 2088 1798 2142 in

999 2178 1209 2250 contemplativa
1224 2177 1278 2235 vita
1296 2178 1395 2233 virtute
1418 2174 1642 2247 commendanda,
1668 2175 1798 2233 intentio-

998 2283 1061 2323 nem
1075 2284 1151 2322 suam
1165 2274 1192 2323 ει
1206 2266 1429 2338 predicationem
1445 2265 1537 2321 tenuit.
1556 2264 1587 2319 ln
1602 2280 1656 2337 qna
1671 2271 1797 2320 contem

182 2128 318 2185 Omnibus
338 2126 436 2183 divinae
461 2126 605 2199 Scripturas
624 2126 742 2199 paginiS,
768 2125 948 2200 Evangelium

144 2216 260 2284 excellit,
276 2216 340 2289 quia
354 2215 425 2287 quod
435 2216 478 2270 lex
489 2221 516 2270 et
530 2216 668 2285 prophetae
683 2214 802 2270 futurum
817 2214 948 2286 praedixe-

144 2312 214 2375 runt,
231 2306 284 2361 hoc
300 2305 464 2375 completum
480 2303 545 2359 dicit
559 2303 747 2376 Evangelinm.
774 2303 848 2358 luter
873 2304 947 2374 ipsos
1056 2355 1061 2365 ,
1406 2353 1412 2365 ,
1621 2352 1627 2364 ,
1670 2351 1677 2363 ,

144 2396 234 2449 mem
253 2393 464 2466 evangeliorum
488 2391 634 2462 scripwms
657 2392 777 2447 somnes
798 2391 897 2447 emine,
919 2391 947 2446 in
997 2354 1099 2426 platrva
1113 2363 1233 2425 vacatur,
1257 2363 1285 2410 ut
1300 2356 1373 2411 Deus
1387 2354 1520 2410 videatur.
1536 2353 1591 2409 Iste
1605 2352 1742 2425 siqnidem
1756 2359 1796 2409 εει

143 2481 297 2538 divinorum
313 2480 505 2553 mysteriorum
520 2478 714 2552 profunditate,
730 2480 776 2552 qui
794 2487 946 2551 atempore
997 2441 1552 2542 1⁰³¹¹¹¹⁰⁸que¹¹iD⁰minf¹⁸defl⁰⁰tiy³g⁸
1564 2448 1797 2546 mpmmmtem'

142 2570 292 2628 Dominicis
309 2569 486 2627 Asceusionis
501 2585 551 2640 per
566 2583 652 2626 annos
668 2568 808 2642 sexaginta
827 2569 946 2640 quinque
996 2539 1102 2603 imme
1116 2539 1231 2598 mcavn’
1248 2540 1274 2588 et
1289 2546 1332 2589 ⁰¹¹¹
1342 2539 1457 2587 matrem
1466 2536 1603 2604 mmm
1612 2546 1715 2602 mm
1724 2544 1797 2587 ω’

143 2660 257 2716 verbum
272 2659 323 2715 bei
338 2659 441 2731 absque
456 2656 619 2714 adminiculo
643 2657 780 2713 scribendi
801 2673 888 2729 usque
911 2656 946 2713 ad
997 2620 1145 2677 mendam·

142 2748 237 2803 ultima
261 2747 408 2803 Domitiani
431 2745 591 2818 predicavit
616 2754 749 2816 tempora.
775 2745 829 2800 Sed
854 2745 945 2800 occiso
987 2810 990 2815 Ι
1179 2780 1181 2791 ,
1254 2726 1367 2781 CAPUT
1390 2723 1538 2782 PltlblUbl.

143 2834 308 2902 Domitiano,
325 2851 387 2891 eum
401 2834 574 2905 permittente
588 2833 681 2888 Nerva
694 2833 729 2888 de
746 2833 841 2888 exsilio
855 2833 944 2888 redis·
1030 2841 1115 2897 ιρις,
1130 2842 1246 2896 t,-1n
1258 2840 1399 2913 prescipto
1414 2844 1476 2896 erat
1495 2840 1619 2898 Verbum.
1632 2837 1737 2896 Contra
1751 2853 1798 2896 ses

143 2931 184 2980 set
199 2924 348 2995 Ephesum,
364 2923 521 2993 compulsus
536 2922 570 2976 ab
586 2921 722 2992 episcopis
737 2920 809 2976 hsiae
824 2922 858 2976 de
872 2936 944 2977 eoae·
992 2929 1038 3000 qni
1052 2936 1166 3000 propter
1181 2928 1357 2999 temporalem
1372 2927 1472 2984 Christi
1486 2927 1654 2984 nativitatem
1670 2927 1813 2985 dicebant.

143 3020 218 3069 terna
233 3012 304 3067 Patri
319 3011 460 3068 divinitate
482 3010 581 3065 Christi
601 3010 709 3081 scripsit
733 3010 866 3065 adversus
891 3010 943 3065 hae·
992 3017 1126 3072 Christum
1142 3033 1196 3071 non
1212 3032 1321 3088 semper
1344 3015 1439 3084 tuisse,
1465 3015 1560 3086 incipit
1583 3016 1619 3072 de
1643 3015 1802 3073 eternitate

143 3101 251 3166 reticos,
269 3099 314 3171 qni
329 3115 361 3154 eo
377 3099 491 3154 absente
510 3098 664 3170 irruperant
678 3098 706 3152 in
721 3098 778 3166 ejus
798 3099 940 3162 eeclesias.
991 3104 1073 3161 Verbi
1086 3105 1181 3161 dicem
1198 3122 1204 3159 :
1220 3106 1254 3160 ln
1268 3105 1410 3177 principio
1426 3108 1490 3160 erut
1508 3104 1634 3160 Verbum.

143 3188 191 3260 qui
205 3187 341 3243 Christum
365 3195 427 3242 ante
447 3186 560 3242 hieriam
585 3186 669 3241 tuisse
693 3187 839 3260 negabant.
863 3187 940 3244 Unde
1024 3194 1111 3249 Vsus.
1127 3197 1153 3248 3.
1165 3222 1200 3235 -
1216 3192 1319 3249 Omnia
1332 3209 1385 3266 per
1399 3193 1493 3265 ipsum
1506 3193 1587 3263 faeta
1603 3195 1685 3249 sunt.
1702 3191 1822 3266 (Ans.)

141 3276 238 3332 merito
252 3275 279 3329 in
295 3275 385 3348 figura
404 3284 517 3347 quatuor
539 3275 695 3331 animalium
718 3275 814 3347 aquilae
838 3276 941 3332 volanti
989 3280 1051 3336 Non
1064 3289 1105 3337 est
1121 3290 1247 3338 creatura
1260 3297 1403 3353 perquem
1416 3280 1506 3336 omnis
1523 3286 1652 3337 creatura
1662 3279 1740 3338 facts
1748 3288 1813 3350 est,

141 3372 322 3437 comparatur,
338 3381 399 3436 qum
412 3364 485 3420 volat
501 3363 580 3419 altius
596 3364 701 3421 cacteris
721 3365 891 3434 animalibus,
918 3361 981 3425 etC
995 3376 1059 3436 ete,
1074 3385 1162 3443 usqne
1175 3371 1211 3426 ad
1225 3387 1286 3442 quae
1300 3370 1466 3426 consordeat
1480 3368 1569 3426 suncti
1582 3368 1718 3442 potentia
1731 3367 1795 3426 Divi

140 3453 209 3509 solis
223 3452 315 3510 radios
330 3452 531 3509 irreverberatis
548 3453 645 3524 aspicit
659 3452 816 3509 luminibus.
847 3451 946 3509 Caeteri
995 3458 1097 3513 nitatis.

143 3542 243 3614 quippe
256 3542 441 3615 evangeliste,
460 3542 505 3613 qui
520 3543 697 3614 temporalem
706 3543 804 3598 Christi
819 3542 944 3599 nativita·
1028 3549 1064 3602 st
1077 3547 1139 3602 sine
1153 3547 1213 3619 ipso
1228 3549 1396 3618 factumest
1412 3546 1496 3603 nihii.
1514 3544 1626 3619 (Onia.)
1641 3547 1685 3603 lta
1699 3545 1812 3604 distin-

142 3638 197 3687 tem
213 3639 239 3687 at
253 3630 412 3702 temporalia
427 3631 485 3700 ejus
500 3630 580 3699 lacta,
598 3649 658 3703 quse
673 3632 759 3704 gessit
782 3631 810 3686 in
835 3630 945 3687 homine
995 3634 1054 3707 guit
1068 3652 1075 3688 :
1091 3637 1126 3691 Et
1141 3636 1202 3691 sine
1216 3636 1276 3707 ipso
1291 3638 1402 3707 suctum
1425 3638 1468 3691 εει
1489 3634 1575 3692 ιιιιιιι.
1600 3632 1680 3693 Ordo
1696 3652 1706 3692 ι
1722 3635 1805 3694 Ntttt

144 3718 307 3777 sufficienter
334 3727 480 3791 exponunt,
499 3728 526 3775 ει
545 3720 579 3775 de
601 3720 739 3776 divinitate
761 3736 848 3792 pauca
870 3719 946 3776 dixe·
996 3723 1123 3796 estquod
1137 3726 1250 3794 facturn
1264 3727 1308 3778 εει
1322 3725 1385 3779 εἰπε
1400 3724 1470 3795 ipsc.

143 3818 218 3877 runt,
236 3808 314 3881 quasi
329 3809 458 3865 animalia
473 3808 637 3882 gressibilia,
664 3825 726 3865 cnm
750 3810 867 3866 Domino
891 3825 946 3865 am·
1032 3810 1116 3867 Vens.
1133 3813 1161 3866 l.
1176 3840 1211 3850 -
1227 3811 1302 3879 Quod
1315 3813 1427 3882 tectum
1442 3815 1493 3878 εει,
1510 3813 1573 3866 erut
1584 3811 1648 3868 citu
1670 3812 1705 3869 in
1728 3813 1793 3887 ipsc,

141 3897 235 3954 bulant
251 3898 279 3952 in
294 3897 432 3954 terrebis
444 3905 533 3952 antem
541 3912 629 3967 pauca
639 3896 673 3952 de
684 3899 878 3968 temporalibus
888 3898 947 3968 ejus
995 3898 1091 3970 (hun.)
1105 3899 1223 3955 loannes
1238 3898 1448 3968 chrysostomus
1463 3915 1471 3953 ι
1485 3899 1521 3954 Et
1535 3901 1599 3955 sine
1614 3900 1677 3971 ipso
1687 3903 1793 3972 tectum

146 3984 231 4057 gestis
245 3984 412 4049 edisserens,
429 3984 478 4039 sed
489 3983 635 4040 divinitatis
645 3985 795 4055 potentiam
804 3985 946 4042 sublimius
995 3987 1136 4043 estnihil.
1156 3987 1230 4056 Qrtcd
1244 3990 1356 4058 sactum
1370 3991 1424 4043 εει.
1439 3985 1559 4042 Hilarius
1570 4004 1578 4041 ε
1588 3985 1658 4044 Sine
1667 3988 1742 4062 ipso,
1751 3991 1792 4060 sa·

145 4071 348 4142 contemplans,
373 4086 437 4126 eum
460 4071 576 4126 Domino
599 4071 633 4126 ad
658 4072 756 4127 coelum
784 4073 866 4128 volat.
892 4067 945 4141 Qui
996 4080 1073 4132 etum
1088 4075 1228 4142 estnihil,
1247 4074 1318 4148 quod
1333 4077 1444 4146 tactum
1459 4075 1546 4131 estin
1561 4075 1636 4148 ipso.

142 4159 216 4217 enirn
230 4175 317 4231 supra
334 4166 431 4229 pectus
445 4159 552 4214 Domini
569 4159 596 4212 in
611 4174 688 4214 coena
704 4160 835 4229 recubuit,
851 4160 945 4217 coeles·
1030 4164 1116 4219 Vnus.
1134 4166 1160 4218 6.
1171 4193 1206 4205 -·
1221 4165 1287 4220 Fuit
1302 4163 1381 4220 borno
1394 4165 1510 4222 cnutus.
1526 4163 1675 4235 Postquam
1690 4161 1794 4221 sublimi

142 4249 177 4305 tis
191 4250 317 4305 haustum
338 4247 480 4317 sapientie
503 4247 610 4303 crateris
633 4248 808 4304 excellentius
830 4248 864 4304 de
885 4250 945 4321 ipso
994 4250 1085 4308 volatu
1100 4251 1168 4307 ultra
1181 4268 1289 4308 omnem
1304 4260 1429 4308 naturam
1443 4252 1471 4307 in
1496 4251 1667 4308 altitudinem
1688 4250 1794 4308 theolo-

145 4334 281 4394 Dominici
295 4335 415 4408 pectoris
437 4334 511 4392 fonte
529 4335 641 4407 potavit.
667 4337 785 4409 Legerat
811 4335 944 4409 siquidem
995 4339 1048 4412 gite
1067 4340 1198 4407 ascendit,
1223 4340 1284 4413 quia
1312 4341 1432 4397 Verbum
1458 4340 1529 4412 apud
1555 4341 1665 4396 Patrem
1687 4355 1795 4414 semper

143 4426 285 4500 evangelia
300 4425 383 4480 trium
398 4424 637 4498 evangelistarum,
655 4433 682 4480 ει
696 4425 894 4497 approbaverat
913 4425 945 4481 sr-
995 4427 1080 4484 iuisse
1094 4429 1291 4501 contemplatus
1306 4435 1356 4496 est,
1371 4445 1435 4484 mor
1450 4428 1485 4483 ad
1499 4428 1680 4484 humilitatem
1703 4429 1797 4486 buma-

144 4515 207 4572 dem
221 4530 315 4571 eornm
331 4523 357 4570 et
373 4514 515 4571 veritatem
531 4513 671 4586 inquibus
687 4515 784 4570 deesse
807 4514 875 4572 vidit
898 4515 946 4570 ali·
995 4532 1038 4573 nso
1053 4524 1163 4585 natnrae,
1179 4526 1206 4573 et
1220 4517 1375 4588 specialiter
1388 4515 1563 4588 praecursoris
1584 4517 1672 4574 Verbi
1686 4517 1797 4575 descen·

144 4619 199 4675 qua
212 4610 351 4675 gestarum
366 4620 459 4661 rerum
470 4603 602 4670 historie,
613 4611 641 4659 et
656 4619 686 4659 ea
697 4603 812 4658 marine
822 4619 883 4674 quae
891 4604 946 4659 Do-
994 4604 1034 4661 dit
1048 4615 1140 4662 contra
1154 4606 1216 4661 illos
1240 4606 1285 4677 qui
1300 4605 1426 4661 dicebant
1450 4605 1595 4661 humanam
1617 4612 1747 4663 natursm
1769 4607 1798 4664 in

143 4691 234 4746 minus
249 4691 335 4763 gessit
348 4693 437 4761 primo
450 4693 652 4763 predicationis
667 4709 723 4748 suae
738 4700 870 4763 tempore,
887 4693 979 4784 sci-D
994 4693 1082 4765 primo
1096 4701 1211 4766 parente
1225 4710 1259 4750 er
1272 4702 1327 4751 toto
1341 4694 1478 4766 perditam
1502 4701 1529 4749 et
1550 4693 1586 4748 ad
1610 4691 1729 4750 nihilum
1749 4710 1798 4753 re·

143 4775 216 4848 licet,
232 4784 376 4849 antequam
390 4781 508 4837 loannes
522 4782 641 4853 Baptista
655 4781 826 4837 clauderetur
841 4780 869 4836 in
883 4797 941 4837 car·
994 4782 1110 4839 ductam.
1126 4785 1211 4840 lionae
1225 4784 1339 4839 missus.
1356 4783 1453 4847 Homo,
1471 4796 1527 4838 non
1542 4780 1669 4853 angelus,
1696 4788 1726 4838 nt
1739 4783 1798 4842 bn·

142 4880 215 4922 cere.
232 4867 297 4923 llaee
312 4882 377 4940 ergo
387 4869 464 4939 quasi
471 4869 583 4925 dimissa
592 4871 627 4926 ab
641 4870 704 4939 illis,
716 4871 811 4927 scribit
822 4870 942 4927 Joanues
991 4872 1069 4928 retici
1083 4871 1186 4941 volunt,
1203 4871 1303 4928 missus
1317 4885 1333 4926 a
1349 4872 1417 4927 beo.
1444 4870 1510 4927 Ideo
1533 4869 1622 4942 potuit
1643 4869 1742 4928 dicere
1763 4872 1799 4929 de

143 4969 205 5026 quae
222 4954 285 5011 tecit
300 4956 380 5011 lesus
394 4964 536 5028 numquam
559 4959 679 5014 loannes
702 4960 866 5026 traderetur,
891 4959 941 5014 sed
989 4959 1058 5016 Deo.

142 5041 259 5097 maximo
273 5043 440 5100 divinitatem
455 5045 553 5100 Christi
576 5054 603 5101 et
626 5047 764 5103 Trinitatis
783 5047 941 5120 mysterium
1027 5049 1113 5105 Vsas.
1130 5052 1157 5104 9.
1168 5050 1424 5106 -Ενειιεευενε,
1442 5044 1800 5105 Omnishomonteimritti

143 5131 337 5188 commendare
350 5134 461 5190 curavit.
470 5135 538 5189 Tres
552 5135 687 5206 siquidem
698 5136 741 5192 ulii
751 5135 937 5210 evangeliste,
991 5143 1090 5192 natura
1105 5137 1132 5191 in
1146 5137 1268 5204 homine,
1279 5153 1341 5210 quae
1350 5135 1386 5191 ad
1399 5135 1547 5209 imaginem
1562 5142 1588 5191 et
1597 5135 1634 5190 sd
1643 5133 1801 5209 similitudi

143 5218 217 5275 dieta
231 5228 258 5276 et
271 5219 341 5277 tacta
354 5223 462 5278 Domini
477 5223 644 5294 temporalia,
663 5241 722 5296 que
737 5225 771 5280 ad
788 5224 940 5281 informan-
987 5241 1052 5280 nem
1066 5226 1117 5282 Dei
1126 5225 1196 5283 iacta
1209 5234 1259 5282 est.
1272 5226 1332 5281 Alia
1346 5225 1438 5281 omnia
1453 5241 1514 5299 quae
1528 5223 1629 5281 suntin
1639 5222 1800 5282 hominein·

141 5307 194 5377 dos
208 5323 299 5365 mores
313 5309 376 5365 vitra
387 5311 529 5382 praesentis
543 5312 660 5368 maxime
676 5313 776 5379 valent,
802 5313 939 5384 copiosius
986 5312 1102 5370 icriores
1113 5322 1205 5385 partes
1217 5315 1335 5371 bominis
1358 5321 1430 5381 sunt,
1453 5320 1481 5370 et
1498 5312 1704 5386 quodammodo
1722 5321 1799 5369 extra

143 5397 291 5465 consecuti,
308 5398 380 5456 eirca
393 5400 510 5456 activam
525 5399 608 5456 vitam
624 5409 686 5457 sunt
698 5401 806 5458 versuti.
832 5403 862 5457 ln
883 5418 938 5474 qua
986 5403 1124 5458 hominem
1134 5411 1205 5458 sunt.
1223 5405 1254 5457 lu
1266 5404 1311 5458 illa
1328 5403 1441 5473 scilieet,
1456 5401 1629 5458 animavelut
1639 5401 1813 5475 inquodsm.

139 5485 294 5559 laboratur,
319 5495 347 5544 nt
370 5503 417 5546 eor
445 5488 590 5544 mundetur
614 5490 816 5547 adridendum
840 5491 937 5548 Deum.
988 5493 1091 5548 mundo
1111 5492 1245 5563 superiori
1263 5491 1512 5561 veraluxlucet,et
1531 5491 1560 5547 in
1577 5490 1655 5549 ibam
1664 5491 1798 5549 mnndum

138 5575 259 5635 loannes
277 5593 343 5637 vero
356 5592 443 5651 pauca
460 5575 570 5635 Domini
583 5577 652 5636 ιεειε
665 5580 739 5648 dicit,
764 5579 849 5636 verba
871 5596 937 5639 vero
988 5582 1127 5640 venientes
1144 5588 1172 5639 et
1189 5581 1366 5657 pergratiam
1375 5579 1793 5655 ιεεεεεεειεε,ἰιιεειὶιιει,ιριίιι
