3772 6112
110 318 164 371 925

700 309 747 364 DE
775 308 887 364 REDUS
916 305 1194 363 uectusmsttcts

1714 305 1766 361 926

112 473 165 530 qu,
171 454 391 528 ,wamfflpm
402 453 447 524 ψ
459 460 485 508 0,
494 494 500 521 ,
506 452 624 508 giwii„
633 451 762 506 omnibu,
784 432 956 507 pamm
971 430 1100 486 funditate
1114 430 1238 500 abrupta,
1255 428 1324 485 sicut
1339 438 1364 485 et
1378 427 1533 500 crepidines
1548 426 1665 484 dicimus
1688 426 1768 483 abru-

110 548 277 603 sanctorum
287 542 368 599 doceo
378 542 404 613 (l
413 542 473 598 Cor.
484 542 535 611 ιιι.)
554 542 597 608 Ει,
610 541 741 596 Mulieres
752 541 783 594 in
793 540 918 595 Ecclesia

112 637 230 691 taceant
244 632 272 702 (l
288 633 356 687 Tim.
373 631 414 701 ιι),
432 637 459 685 ει
472 629 553 683 multa
569 628 611 683 his
627 627 734 682 similia.
759 627 916 699 Unusquis-

110 717 165 796 que
181 722 261 778 etiarn
277 720 434 786 electorum,
450 719 548 775 domus
563 721 591 773 et
602 719 740 789 templum
748 716 799 772 Dei
809 716 913 783 dicitur,

109 812 181 867 sicut
204 809 349 882 Apostolus
379 817 405 863 ει
429 807 455 862 in
477 823 526 862 suo
548 814 575 861 et
596 805 754 877 prophetico
778 802 917 860 confirmat

111 898 239 971 exemplo
251 917 257 952 :
272 897 427 969 Templum,
437 895 574 967 inquiens,
585 895 634 951 Dei
644 898 835 960 sauctumerl,
845 893 916 966 quod

112 990 183 1046 estis
193 1005 240 1046 uos
251 987 276 1057 (l
286 987 346 1043 Cor.
358 986 400 1054 ιιι)
415 987 503 1041 :sicul
513 985 743 1047 dieitDemiuus,
755 985 821 1056 quia
833 982 916 1037 inluu-

113 1077 206 1134 bilabo
221 1078 252 1131 iu
268 1075 388 1145 uubislll
404 1074 463 1130 Cer.
484 1073 534 1144 rr),
554 1073 712 1143 etreliqua.
732 1074 766 1127 Et
789 1073 882 1127 Petrus
906 1087 913 1126 :

116 1167 165 1223 Vos
176 1169 312 1237 tauquam
322 1163 429 1235 lapides
441 1164 504 1228 uiui,
525 1161 795 1234 superedificamiui
815 1161 913 1216 domus

113 1254 234 1327 spitales
244 1253 270 1322 (l
276 1236 352 1308 Petr.
366 1252 407 1321 ιι),
420 1249 568 1322 etreliqua.
580 1249 653 1305 Sicut
664 1266 733 1321 ergo
744 1249 770 1303 in
780 1248 912 1315 Ecclesia,

115 1343 155 1399 sic
172 1342 264 1397 multae
279 1341 375 1396 domus
391 1349 416 1395 et
430 1340 529 1411 templa
545 1342 572 1393 ιιι
588 1339 670 1394 domo
691 1339 742 1394 Dei
765 1346 791 1394 et
812 1337 913 1409 templo

115 1430 282 1488 conveniunt
300 1448 306 1484 z
323 1430 525 1486 demorantem
540 1427 611 1483 dicta
623 1435 664 1483 εει
679 1444 694 1482 a
707 1428 823 1494 domate,
841 1427 914 1498 quod

114 1520 211 1575 Graece
226 1526 325 1574 tectum
339 1526 457 1573 vocatur.
474 1517 577 1572 Dicitur
597 1516 677 1571 etiarn
701 1516 807 1582 domus,
833 1515 913 1570 fami·

115 1607 160 1663 liae
175 1607 256 1663 totius
272 1606 323 1661 snb
347 1622 401 1660 uno
424 1613 495 1661 tecto
520 1604 711 1660 commorantis
734 1603 912 1671 consortium,

116 1696 186 1752 sicut
201 1695 265 1750 urbs
280 1695 361 1751 totius
377 1694 467 1765 populi
484 1700 510 1749 et
524 1693 600 1748 orbis
622 1693 704 1748 totius
727 1691 836 1765 generis
859 1692 912 1748 hu-

116 1784 187 1839 mani
204 1791 245 1839 est
256 1782 430 1839 domicilium.

155 1873 301 1945 Templum
315 1879 356 1926 est
371 1871 472 1926 dictum
487 1871 564 1942 quasi
580 1878 679 1926 tectum
694 1869 823 1941 amplum.
840 1869 918 1926 Unde

118 1970 145 2018 et
160 1959 398 2018 excellentioribus
421 1957 543 2015 aediliciis
565 1960 616 2014 boc
637 1959 761 2030 congruit
785 1974 885 2013 nornen
910 1976 917 2012 :

116 2052 187 2107 sieut
198 2067 244 2105 rex
254 2050 376 2105 salomon
388 2048 602 2119 sapientissimus
612 2048 638 2101 in
659 2048 734 2120 regia
754 2046 829 2111 urbe,
851 2056 920 2102 tem-

114 2140 192 2213 plum
209 2158 215 2192 :
231 2139 337 2210 Moyses
352 2136 460 2193 veroin
475 2137 568 2191 itinere
590 2136 688 2192 dicitur
718 2136 920 2192 tabernaculum

116 2228 284 2285 condidisse.
296 2227 451 2282 Dictumest
460 2233 550 2281 autem
562 2226 804 2281 tabernaculuma
822 2224 921 2280 tebulis

115 2325 143 2375 ει
158 2315 281 2382 cortinis,
297 2315 416 2386 eoquod
440 2314 644 2369 interstantibus
669 2313 776 2380 tabulis,
811 2312 920 2370 εοιιίιιιε

117 2406 239 2477 desuper
269 2404 455 2459 tenderentur.
485 2403 563 2459 Unde
593 2410 618 2458 et
649 2401 764 2456 militum
795 2402 918 2471 tentoria,

116 2495 217 2567 quibus
232 2493 259 2546 in
272 2492 368 2548 itinere
383 2493 448 2548 solis
462 2491 585 2560 ardores,
603 2498 780 2561 tempestates
795 2490 921 2545 imbrium

117 2582 283 2655 frigorisque
311 2581 421 2650 injurias
449 2579 543 2644 vitant,
574 2579 749 2636 tabernacula
784 2579 919 2635 dicuntur.

117 2672 202 2728 AEdes
217 2679 243 2726 et
257 2667 371 2725 aedilicia
386 2669 421 2724 ab
434 2668 541 2724 edendo
555 2675 649 2739 putant
664 2669 744 2733 dicta,
761 2668 838 2739 quasi
860 2667 920 2741 pri·

118 2760 203 2816 unitus
215 2759 251 2839 ad
267 2759 402 2815 edendum
416 2756 497 2813 fucta
514 2757 591 2814 Unde
602 2757 711 2812 Plautus
725 2756 789 2812 dicit
807 2773 813 2812 :
846 2829 857 2841 ι

237 2900 263 2949 st
280 2910 413 2948 vocassem
425 2910 471 2948 ros
481 2898 507 2945 td
517 2900 593 2946 adem
610 2899 801 2955 asprenatum.

119 3031 214 3087 Potest
238 3028 310 3084 enirn
332 3026 393 3083 beri
416 3035 444 3082 ut
476 3027 550 3082 aedes
583 3026 618 3080 ad
654 3026 789 3082 edendum
821 3025 850 3080 in
883 3025 923 3081 eis

118 3118 191 3175 sicut
206 3118 344 3174 coeuacula
360 3116 395 3172 ad
409 3117 582 3185 coenandum,
600 3115 689 3187 primu
711 3115 764 3170 sint
791 3114 870 3179 facta,
897 3122 924 3170 et

117 3216 219 3281 postea
234 3208 317 3278 longo
330 3223 381 3261 usu
393 3205 420 3260 in
435 3205 508 3260 alind
523 3212 682 3261 verteretur.
699 3203 774 3259 Siout
791 3204 921 3260 Taberna

117 3295 245 3369 primitus
260 3295 429 3366 plebeiorum
444 3293 623 3359 domunculae,
650 3292 724 3364 quod
751 3307 798 3347 sex
823 3290 921 3346 tabulis

75 3429 81 3437 ,
119 3384 223 3458 ligneis
238 3382 337 3451 fierint,
360 3383 523 3440 dicebantur
549 3400 555 3436 :
585 3381 693 3436 undeet
715 3380 922 3436 tabernaculum

120 3473 243 3530 derivari
253 3473 363 3545 quidam
377 3472 481 3528 volunt.
498 3472 578 3527 Nunc
593 3478 684 3526 autem
699 3485 852 3540 cauponum
866 3470 922 3524 Ec·

120 3561 217 3620 olesiae
231 3562 271 3617 sic
281 3569 423 3618 vocantur.

186 3652 309 3707 basilica
324 3650 428 3717 Graece,
444 3649 527 3705 labne
542 3647 644 3720 regalis
658 3648 702 3704 vel
714 3645 924 3719 repiudicitura

122 3739 239 3806 basileo,
252 3739 325 3795 idest
335 3756 411 3813 rege.
423 3739 494 3793 Nam
503 3746 529 3795 et
538 3737 687 3793 carnalium
704 3752 801 3808 regum
824 3734 924 3808 palatia

120 3829 159 3884 ita
173 3828 308 3894 dicuntur,
326 3828 393 3883 sicut
408 3827 538 3898 scripturn
553 3835 594 3882 est
609 3826 643 3882 de
657 3827 758 3881 Esther
775 3843 782 3880 :
799 3826 884 3881 Stetit
892 3825 924 3880 iu

122 3918 199 3974 atrio
209 3917 411 3990 damnareque,
424 3917 495 3990 quod
505 3920 567 3971 erut
577 3917 702 3972 iuferius
713 3918 813 3971 centra
824 3915 924 3970 basili-

123 4024 187 4063 cam
202 4007 275 4078 repis
289 4006 411 4076 (Esther.
422 4005 462 4077 v).
474 4005 573 4061 Nostra
583 4012 674 4060 autem
685 4004 783 4059 domus
794 4002 925 4059 orationis

123 4094 187 4151 ideo
201 4095 278 4167 reaia
294 4094 401 4160 dicitur,
418 4094 481 4165 quia
496 4093 564 4166 Regi
580 4109 675 4164 regum
699 4093 726 4147 ιιι
741 4108 774 4148 eu
797 4092 923 4160 servitur,

124 4183 168 4240 vel
184 4183 246 4255 quia
260 4199 354 4255 resges
369 4191 396 4239 et
410 4183 576 4250 sacerdotes,
592 4182 620 4237 id
642 4190 684 4238 est
697 4181 796 4236 summi
810 4180 884 4252 regis
899 4187 927 4235 et

122 4272 275 4330 sacerdotis
291 4272 422 4340 membra,
440 4271 485 4344 qui
504 4271 622 4327 motibus
645 4270 925 4342 corporisimperant‚

122 4370 149 4418 et
165 4360 300 4432 spiritales
316 4362 404 4417 hostia
419 4359 560 4417 immolant
574 4362 644 4430 Deo,
669 4359 706 4414 ibi
732 4366 927 4432 regenerantur

123 4467 157 4506 ex
171 4465 244 4523 aqua
258 4458 284 4506 ει
300 4449 396 4522 spiritu
407 4458 433 4505 et
457 4449 569 4505 salutari
592 4449 766 4504 nuntriuntur
790 4446 923 4504 doctrina.

122 4539 227 4596 Absida
251 4539 357 4606 Graece,
382 4538 476 4594 Latine
502 4539 596 4595 lucida
618 4537 726 4602 dicitnr,
753 4538 814 4609 quia
833 4538 925 4592 lumen

122 4635 265 4699 acceptum
279 4644 330 4699 per
344 4644 437 4684 arcum
455 4627 615 4683 intromittit.
640 4626 753 4683 Exedra
778 4633 819 4681 est
834 4624 927 4680 absida

966 529 1027 592 ptas
1055 519 1226 574 summitates
1250 517 1431 589 quorumlibet
1451 532 1605 587 corporum.
1634 515 1768 588 Martyria

967 608 1133 664 vocabantur
1147 607 1289 672 Ecclesiae,
1307 623 1368 678 quae
1382 606 1409 660 in
1419 608 1523 661 honore
1532 606 1684 677 aliquorum
1692 619 1768 659 mar·

967 704 1054 768 tyrum
1069 696 1180 751 fiebant.
1197 694 1319 765 Quorum
1328 695 1459 766 sepulcris
1485 702 1511 749 et
1534 692 1659 750 ecclesiis
1681 693 1768 748 bonor

966 800 1104 859 congruus
1117 784 1286 840 exhibendus
1301 784 1328 838 in
1343 783 1492 839 canonibus
1500 781 1666 838 decernitur.
1675 780 1728 850 Qui
1737 787 1765 836 et

965 874 1034 938 loca,
1062 889 1122 945 quae
1141 873 1191 927 sub
1213 872 1322 929 incertis
1359 872 1512 927 nominibus
1536 868 1701 942 etreliquiis,
1725 868 1770 926 rel

966 968 1068 1016 tentum
1096 970 1262 1016 mortuorum
1295 960 1457 1031 apellatione
1476 966 1669 1015 construuntur
1690 957 1764 1012 nullo

965 1050 1070 1105 honore
1092 1050 1207 1105 colenda
1228 1049 1406 1105 constituunt.
1435 1046 1515 1117 Quod
1530 1049 1624 1104 beatus
1639 1045 1769 1101 Martinus

965 1147 992 1194 et
1007 1139 1158 1194 Germanus
1173 1138 1332 1193 Parisiensis
1354 1138 1410 1192 suis
1435 1137 1564 1209 leguntur
1590 1133 1767 1191 confirmasse

966 1228 1104 1302 exemplis.
1119 1229 1283 1283 sacrarium
1298 1227 1403 1291 dicitur,
1429 1226 1493 1297 quia
1519 1225 1555 1279 ibi
1578 1241 1656 1280 sacra
1681 1238 1766 1296 repo·

964 1325 1064 1372 nuntur
1077 1325 1103 1372 ει
1117 1324 1269 1372 serrantur.
1295 1315 1473 1386 Aualopiuet,
1499 1315 1573 1387 quod
1596 1313 1624 1368 iu
1646 1327 1680 1368 eo
1700 1329 1766 1368 ver-

964 1405 1028 1460 bum
1043 1405 1093 1461 Dei
1106 1406 1214 1479 legatur
1229 1413 1254 1459 et
1269 1403 1452 1459 annuntietur.
1470 1404 1555 1475 lepos
1571 1403 1643 1458 enim
1658 1401 1765 1467 Graece,

963 1495 1077 1550 uerbum
1092 1495 1135 1549 vel
1151 1495 1224 1550 ratio
1235 1493 1342 1549 dicitur.
1356 1494 1515 1565 Pulpitum,
1533 1491 1606 1564 quod
1621 1490 1654 1545 sit
1670 1489 1697 1545 in
1717 1506 1768 1561 pu-

962 1582 1036 1654 blico
1048 1590 1186 1648 statutum,
1202 1590 1232 1636 ut
1247 1582 1292 1654 qui
1306 1582 1342 1635 ibi
1359 1589 1430 1635 stant
1445 1581 1479 1634 ab
1494 1580 1621 1636 omnibus
1652 1578 1769 1634 videan-

964 1679 1016 1727 tur.
1038 1673 1131 1737 Amlm,
1163 1672 1195 1725 ab
1227 1670 1371 1725 ambiendo
1386 1669 1496 1735 dicitur,
1536 1669 1597 1743 quia
1624 1668 1770 1723 intrantem
1835 1707 1838 1711 -

922 1759 1047 1850 Bambit
1061 1769 1088 1815 ct
1100 1760 1193 1830 cingit.
1212 1760 1338 1815 Cancelli
1356 1758 1482 1813 videntur
1508 1758 1572 1824 dici,
1598 1757 1660 1829 quin
1680 1757 1769 1812 mino·

972 1849 1047 1903 ribus
1061 1848 1194 1903 columnis
1209 1847 1283 1902 frunt.
1301 1847 1397 1903 Cancri
1414 1848 1487 1902 enim
1500 1854 1630 1903 vocantur
1650 1846 1771 1914 maiores

972 1937 1116 2001 columnae,
1134 1944 1160 1992 et
1174 1937 1290 1991 maximo
1304 1936 1415 2007 quadrae
1431 1952 1437 1990 :
1458 1936 1502 1991 vel
1517 1935 1629 1992 cancelli
1646 1935 1772 1990 dicuntur

972 2025 1102 2091 acubitu,
1120 2025 1165 2097 qui
1181 2025 1278 2079 Graece
1292 2041 1376 2080 aucus
1392 2024 1498 2079 dieitur.
1516 2024 1609 2078 Solent
1624 2023 1697 2078 enim
1712 2022 1773 2093 plu·

972 2113 1033 2167 rimi
1047 2130 1101 2167 non
1114 2113 1193 2167 altius
1213 2112 1345 2178 construi,
1370 2127 1451 2183 quam
1476 2119 1505 2166 ut
1526 2120 1629 2167 stantes
1652 2111 1773 2182 desuper

972 2201 1050 2257 inniti
1064 2201 1162 2257 cubitis
1176 2200 1291 2272 possint.
1303 2203 1402 2257 lanua
1419 2216 1433 2254 a
1457 2201 1524 2256 lano
1543 2200 1660 2271 quodmn
1684 2200 1773 2266 dictae,

973 2290 1017 2346 cui
1031 2290 1147 2363 gentiles
1161 2305 1269 2345 omnem
1291 2289 1430 2344 introitum
1451 2296 1478 2344 et
1502 2289 1602 2343 exitum
1628 2303 1773 2344 eonsecra-

973 2387 1045 2433 runt.
1073 2379 1151 2434 Ostia
1169 2379 1203 2432 ab
1226 2378 1361 2433 obstando
1385 2385 1457 2433 extra
1480 2377 1588 2447 positis,
1613 2377 1657 2432 vel
1681 2385 1773 2432 osten·

972 2467 1169 2522 dendoaditnm
1178 2474 1318 2522 vocantur.
1329 2468 1418 2523 Valere
1425 2466 1591 2522 avulvendo.
1599 2468 1692 2531 Fores,
1699 2466 1774 2538 quod

972 2555 1123 2611 lorinsecus
1137 2556 1190 2610 sint
1204 2556 1308 2625 positae.
1327 2558 1428 2622 Porta,
1446 2555 1510 2626 quia
1517 2571 1566 2625 per
1572 2570 1618 2610 eas
1630 2561 1773 2626 portantur

972 2661 1086 2716 quaque
1101 2653 1128 2700 et
1142 2644 1275 2699 feruntur.
1293 2645 1458 2700 Suntautem
1470 2645 1562 2714 januae
1573 2643 1682 2715 proprie
1691 2642 1774 2714 primi

972 2733 1112 2807 ingressus
1128 2734 1155 2788 in
1170 2734 1290 2800 domum,
1306 2733 1375 2788 ostia
1389 2733 1457 2787 iutra
1468 2734 1577 2803 januam
1590 2733 1678 2787 aditus
1692 2731 1773 2788 adlo-

971 2823 1147 2895 caquelibet:
1167 2824 1264 2886 Voluce,
1280 2839 1341 2895 quae
1356 2823 1428 2877 intro
1441 2822 1577 2888 solantur,
1590 2822 1616 2877 id
1632 2829 1674 2878 est
1705 2837 1766 2878 ver·

971 2919 1064 2967 tuntur
1078 2919 1104 2966 et
1118 2911 1312 2982 complicantur
1328 2910 1398 2967 sicut
1412 2910 1484 2966 fores
1500 2927 1560 2983 quae
1573 2911 1647 2967 foras
1659 2917 1767 2967 vertun·

971 3006 1024 3056 tur.
1042 3001 1130 3056 Portae
1144 3008 1234 3054 autern
1248 2999 1358 3071 proprie
1383 3006 1444 3057 sunt
1470 3015 1613 3055 murorum
1640 3008 1667 3056 et
1689 2999 1773 3055 atrio·

973 3105 1043 3144 rum.
1063 3090 1180 3145 Camere
1194 3087 1292 3144 dicitur
1307 3104 1322 3142 a
1337 3089 1481 3155 curvitate,
1505 3105 1566 3159 quae
1590 3089 1659 3143 solet
1681 3088 1710 3142 in
1729 3087 1774 3144 his

971 3176 1095 3234 aediliciis
1108 3177 1176 3244 lieri,
1193 3193 1253 3250 quae
1272 3177 1438 3233 coementitio
1460 3193 1544 3248 opere
1571 3177 1691 3248 desuper
1711 3192 1777 3233 eun·

972 3266 1124 3322 cluduntur.
1141 3267 1205 3322 Haec
1220 3267 1301 3321 etiarn
1316 3281 1332 3321 a
1346 3266 1514 3322 concavitate
1529 3266 1672 3337 superiori,
1688 3267 1723 3321 ad
1733 3266 1774 3322 si·

971 3354 1151 3410 militudinem
1166 3355 1290 3424 ejusdem
1314 3355 1450 3425 animalis,
1480 3355 1591 3411 testudo
1608 3355 1774 3412 nominatur.

970 3443 1065 3500 Graeoe
1080 3444 1177 3499 enim*
1194 3446 1333 3515 camyron
1346 3460 1460 3499 curvum
1474 3444 1583 3499 dicitur.
1605 3446 1769 3502 lacunaria

971 3532 1016 3588 vel
1029 3533 1175 3604 laquearia
1187 3532 1334 3602 pendentia
1349 3539 1410 3586 sunt
1424 3532 1585 3604 templorum
1599 3541 1768 3601 ornamenta,

972 3621 1037 3676 inde
1047 3621 1130 3686 dicta,
1147 3621 1220 3692 quod
1235 3620 1344 3675 luceant
1357 3620 1384 3674 in
1399 3636 1471 3676 aere.
1491 3621 1562 3689 Quia
1577 3636 1641 3678 vero
1655 3621 1770 3694 longum

974 3718 1016 3766 est
1036 3709 1158 3783 singulas
1181 3725 1320 3765 sacrarum
1352 3709 1451 3765 aedium
1492 3717 1585 3780 partes
1615 3709 1777 3781 exponendo

973 3814 1145 3871 percurrere,
1160 3798 1300 3870 multiplex
1316 3807 1357 3854 est
1371 3798 1398 3853 in
1413 3798 1463 3863 eis,
1479 3813 1557 3870 reque
1568 3805 1597 3852 ut
1619 3798 1647 3852 in
1672 3798 1778 3854 caeteris
1798 3844 1804 3849 .

974 3889 1127 3954 structuris,
1143 3888 1284 3943 nominum
1300 3895 1327 3944 et
1344 3888 1499 3959 specierum
1510 3886 1654 3943 diversitas
1671 3904 1678 3942 :
1703 3886 1778 3943 suffl-

975 3977 1048 4034 ciant
1058 3978 1117 4034 baec
1130 3977 1164 4033 de
1179 3977 1514 4033 eminentioribus'earum
1534 3976 1658 4050 partibus
1691 3975 1774 4033 dicta.

974 4066 1017 4121 Ad
1032 4074 1129 4122 caetera
1144 4074 1330 4138 quercuum,
1346 4082 1396 4137 per
1414 4067 1473 4123 haec
1497 4067 1577 4140 signa
1598 4067 1774 4140 ingressuum

976 4154 1081 4212 facilior
1094 4155 1223 4212 studiosis
1237 4156 1339 4227 patebit
1349 4155 1482 4212 introitus.

1274 4324 1387 4381 CAPUT
1421 4325 1480 4380 vtl.

1067 4485 1204 4553 Quomodo
1222 4485 1363 4544 Tbeotisee
1377 4485 1475 4543 domus
1499 4485 1549 4542 Dei
1563 4484 1687 4543 dicatur.

1012 4627 1107 4684 Dicam
1123 4636 1214 4683 tamen
1229 4627 1310 4682 etiam
1321 4627 1471 4683 secundum
1486 4635 1606 4683 nostram
1627 4627 1780 4687 barbariem

123 4716 251 4789 quaedam
266 4725 392 4788 separata
405 4717 550 4772 modicum
559 4714 605 4787 qui
613 4716 700 4770 deme
711 4715 810 4786 templo
821 4713 865 4770 vel
874 4729 927 4784 pa·
977 4732 1039 4787 quae
1053 4724 1094 4771 est
1113 4717 1266 4784 Theotisca,
1287 4731 1342 4788 quo
1355 4710 1465 4771 nornine
1479 4715 1576 4772 eedem
1601 4717 1697 4773 domus
1727 4718 1777 4774 Dei

77 4795 80 4800 ’
122 4805 199 4871 latio,
217 4813 242 4860 et
257 4805 328 4862 dicta
343 4806 416 4872 inde,
433 4805 507 4877 quod
521 4814 593 4861 extra
615 4805 716 4860 haereat
739 4821 746 4857 ε
770 4803 927 4859 Graeceau·
977 4804 1127 4876 appellatur
1153 4821 1160 4858 ε
1184 4803 1299 4861 ridiculo
1322 4803 1429 4859 futurus
1452 4805 1562 4873 Latinis,
1587 4804 1611 4860 si
1642 4806 1689 4879 qui
1709 4805 1780 4863 forte

123 4903 179 4950 tem
195 4896 422 4967 cyelouvocalur.
434 4893 639 4965 dramquidam
661 4901 784 4949 vocatam
801 4893 927 4948 dixerunt
977 4893 1035 4950 baec
1052 4891 1178 4966 tegerint,
1195 4893 1241 4964 qui
1255 4892 1339 4948 velint
1362 4892 1504 4949 simiarum
1526 4892 1656 4950 informes
1688 4904 1778 4966 natos,

123 4982 199 5055 quod
214 4981 254 5037 ibi
266 4981 385 5039 incensae
397 4983 513 5038 rictimae
528 4983 655 5038 arderent
668 4982 731 5037 :alti
741 4998 756 5036 a
766 4980 929 5052 predicatio-
977 4981 1048 5037 inter
1061 4989 1239 5056 angustorum
1254 4981 1355 5038 liberos
1369 4989 1535 5053 computare.
1558 4983 1665 5040 Scimus
1688 4992 1780 5043 tamen

120 5069 214 5138 nibus,
239 5088 308 5142 quas
333 5071 422 5128 Graeci
445 5087 507 5127 aras
531 5079 639 5127 vocant.
664 5070 777 5142 Undejet
792 5069 928 5142 impreca·
978 5078 1005 5126 et
1021 5071 1160 5126 Salomoni
1175 5070 1234 5144 (qui
1261 5071 1289 5125 in
1317 5070 1408 5126 multis
1435 5078 1528 5142 typum
1555 5073 1642 5144 gessit
1671 5075 1781 5132 Domini

123 5158 214 5214 tiones
228 5161 238 5180 '
253 5168 347 5216 antara
370 5161 497 5217 dicuntur
524 5161 622 5217 Altare
646 5168 746 5226 autem,
772 5159 851 5233 quasi
865 5159 928 5215 altae
977 5158 1136 5230 Salvatoris)
1169 5158 1240 5215 inter
1266 5175 1390 5231 pavones
1420 5159 1513 5214 simias
1550 5159 1635 5218 fuisse
1675 5163 1780 5220 delatas

128 5263 186 5304 arae
200 5250 367 5306 nominatur.
383 5249 506 5305 Porticus
529 5266 546 5304 a
568 5258 655 5321 porta,
681 5257 708 5304 ut
732 5249 776 5305 vel
798 5249 872 5321 quod
893 5248 929 5303 sit
977 5249 1027 5321 (lll
1041 5251 1103 5320 Rea.
1117 5248 1159 5319 ι).
1176 5249 1209 5303 Ei
1224 5248 1356 5305 Dominus
1376 5248 1422 5322 qui
1444 5249 1531 5320 pascit
1559 5250 1712 5322 columbas,
1733 5252 1781 5308 dat

123 5337 657 5407 apertadicitu1·.ltdhoemaximefit,
680 5346 709 5392 ut
730 5353 780 5408 per
800 5353 860 5393 eam
882 5336 927 5392 in·
977 5336 1778 5424 escampulliscorvoruminvocantibuseumllsalexavt).

123 5431 211 5480 tretur
225 5435 252 5481 et
275 5435 439 5494 transeatur,
465 5428 661 5483 Ceometerium
675 5426 868 5481 recubitorium
883 5425 927 5481 vel
977 5428 1082 5499 Legunt
1093 5442 1161 5498 ergo
1181 5426 1276 5491 nostri,
1299 5435 1325 5482 et
1349 5426 1418 5484 sicut
1439 5428 1584 5501 rebgione‚
1608 5427 1647 5482 sic
1670 5441 1778 5498 quoque

126 5513 313 5570 donnitorium
329 5523 370 5572 est
384 5523 561 5582 mortuorum,
579 5516 625 5587 qui
640 5523 666 5570 et
680 5514 742 5570 ideo
758 5514 791 5568 ab
801 5513 928 5570 Ecclesia
977 5514 1130 5570 rationabili
1154 5514 1299 5583 locutione,
1324 5530 1375 5570 nos
1395 5517 1423 5570 in
1442 5516 1533 5571 multis
1557 5528 1648 5571 veram
1676 5513 1779 5569 imitari
1812 5547 1820 5554 ·

124 5604 294 5662 donnientes
310 5606 447 5672 dicuntur,
465 5605 527 5676 quia
542 5602 719 5660 resurrecturi
733 5619 787 5658 non
802 5602 927 5658 dubitari·
978 5604 1136 5661 Graecorum
1152 5613 1178 5660 et
1192 5604 1378 5661 Romanorum
1392 5600 1816 5748 intefflgantffl

123 5703 177 5750 tur.
196 5695 315 5768 crypta,
331 5701 394 5750 sunt
408 5710 507 5766 specus
533 5694 703 5752 subterranei
726 5692 806 5751 dictae
830 5707 847 5748 a
868 5708 929 5765 pro-
977 5693 1067 5751 blultae
1082 5710 1127 5751 res
1143 5702 1205 5750 sunt
1217 5693 1544 5769 apudsingulasgentesq
