3772 6112
68 269 140 326 tosa
744 264 826 322 VITA
841 265 873 323 S.
894 261 1062 330 otflttlltt
1650 259 1720 314 ttto

64 390 206 448 sublevata
227 389 331 462 luisset,
353 390 450 446 dimitti
472 406 501 447 se
524 390 677 463 postulavit.
703 389 758 446 Illis
778 398 868 447 autem
882 387 1026 456 Adiutius.
1042 387 1085 445 ud
1097 387 1149 443 boo
1164 384 1236 442 enim
1250 383 1384 456 hujusque
1404 398 1450 439 me
1470 389 1640 439 reservatum
1656 398 1718 440 esse

65 478 96 535 id
110 478 203 537 lacere
217 479 408 547 metuentibus,
432 496 467 535 ne
481 479 550 536 forte
564 495 631 537 casu
650 480 738 536 subito
751 480 867 537 laedere·
919 492 1067 552 cognosco,
1083 482 1111 530 ut
1132 475 1201 532 sicut
1223 474 1267 529 bis
1280 471 1409 528 Barbaris
1423 472 1507 529 virtus
1527 479 1572 526 tua
1586 470 1719 528 letissime

63 575 121 636 tur,
137 569 228 626 valere
243 586 273 626 se
287 567 466 626 confidentius
478 568 628 627 affirmavit.
644 570 729 641 Igitur
744 568 866 635 dimissa,
919 565 1013 633 claret,
1029 566 1067 621 ita
1088 565 1170 620 etiarn
1194 562 1283 635 gentis
1306 568 1358 618 tuae
1380 560 1534 618 homiuibus
1559 559 1719 616 meritorum

64 673 118 730 per
132 674 163 715 se
177 657 260 725 stetit,
283 674 316 715 ac
339 658 467 731 deinceps
490 659 569 716 totius
585 658 710 732 eorporis
729 644 868 730 resumpto
917 663 1026 710 tuorum
1039 653 1131 727 fulgor
1141 653 1292 709 innotescat
1314 659 1341 708 et
1353 651 1472 708 claritas.
1489 650 1549 708 Scis
1564 649 1633 722 ipse,
1650 648 1715 716 scis,

64 745 173 819 vigore,
189 762 257 804 sana
272 747 399 805 recessit.
917 743 1037 817 inquam,
1055 758 1072 798 a
1094 742 1174 798 natali
1196 742 1255 798 solo
1279 756 1360 814 quam
1383 740 1466 814 longe
1490 739 1541 793 sim
1555 738 1717 809 disjunctus,

362 873 475 932 CAPUT
493 874 565 930 XLV
918 839 1071 905 quantaque
1092 831 1163 888 inter
1184 829 1411 906 peregrinationis
1435 828 1576 900 angustias
1596 826 1720 899 corporis

333 971 411 1029 ΟΜ
430 915 609 1029 illuminaga·
916 920 1052 978 debilitate
1075 936 1260 993 compressus.
1299 920 1435 978 Succurre
1464 917 1553 988 citius,
1584 914 1719 988 opitulare
1759 944 1769 954 ·

843 1065 848 1076 ,
917 1009 1088 1083 quantocius.
1104 1010 1165 1081 Qua
1187 1009 1233 1065 ille
1256 1015 1344 1064 motus
1368 1006 1546 1081 querimonia,
1571 1005 1647 1062 vultu
1660 1003 1720 1077 pla·

102 1065 251 1167 cujum?
264 1066 468 1167 pmifffamffiae
487 1083 542 1125 ‘¹⁰¹¹
566 1067 648 1167 ¹⁰‚nsse
671 1072 868 1168 ⁸m⁰¹¹f⁵m¹⁰
917 1098 980 1155 cido
1001 1099 1094 1172 paucis
1115 1098 1152 1153 ita
1175 1097 1315 1170 respondit
1331 1114 1339 1152 z
1353 1097 1403 1153 Die
1425 1095 1585 1152 mortalibus
1608 1094 1718 1150 reddita

65 1164 266 1214 ⁰⁰m¹¹¹³⁰⁹⁰t¹⁸
288 1157 397 1227 ³⁰⁰¹¹¹²¹
422 1157 487 1212 dum
514 1155 624 1213 f⁰ft¹¹¹¹⁰
650 1156 749 1212 d⁰m¹¹³
768 1170 868 1226 ¹³¹¹¹¹³⁸
918 1187 1062 1245 ecclesiam
1076 1187 1171 1260 petito,
1188 1194 1215 1243 et
1229 1185 1335 1242 videbis
1354 1184 1446 1242 divim
1471 1192 1498 1241 te
1512 1182 1611 1241 melius
1625 1183 1720 1240 suble·

64 1245 196 1317 aperiret,
214 1245 294 1302 turbo
316 1245 391 1300 renti
413 1246 552 1316 pulverem
574 1253 600 1300 et
613 1245 706 1316 paleas
722 1245 751 1300 in
771 1242 868 1300 faciem
918 1275 976 1332 wi
990 1277 1116 1345 consilio,
1142 1292 1224 1350 quam
1247 1275 1342 1347 patriae
1369 1274 1412 1331 vel
1439 1281 1583 1346 parentum
1610 1272 1718 1330 solutio·

65 1334 126 1405 ‘5¹¹⁸
138 1341 166 1390 ει
184 1332 279 1390 ⁰⁰¹¹l⁰³
303 1333 417 1406 9¹⁰5&st
433 1351 439 1390 ³
456 1334 601 1407 ”uimque
620 1341 763 1391 crescente
778 1332 867 1433 φῶθ’
917 1367 995 1424 blane
1010 1364 1092 1433 laeto,
1108 1381 1215 1422 summo
1240 1365 1324 1421 animi
1339 1364 1460 1436 gestiens
1479 1364 1579 1419 ardore
1594 1362 1629 1419 ad
1643 1362 1720 1419 basi·

69 1422 128 1492 'fia'
145 1422 275 1522 pamm?
290 1423 315 1479 ei
329 1440 397 1479 ”⁵¹¹⁸
407 1423 538 1491 dweffl’
554 1424 642 1481 d⁰¹¹⁰⁰
656 1423 802 1523 h⁰ffff¹¹d¹⁸
815 1438 867 1522 pe}
916 1453 998 1512 licam
1013 1463 1151 1527 properat,
1174 1463 1200 1510 et
1220 1455 1297 1524 juata
1320 1452 1453 1508 tumulum
1473 1451 1544 1507 beati
1567 1450 1638 1508 Galli
1653 1465 1719 1522 pro·

65 1510 139 1567 nitus
154 1512 275 1568 tenebra
296 1513 464 1586 cingerem*
490 1514 555 1569 Hm
579 1513 615 1570 ‘d
638 1512 781 1612 ⁰⁰fl⁰³¹f¹¹¹
797 1512 868 1568 Μ
917 1542 1055 1599 missionis
1076 1558 1182 1600 memor
1205 1541 1333 1614 precibus
1356 1540 1464 1597 insistit.
1489 1541 1553 1596 Post
1568 1540 1721 1597 orationem

67 1599 139 1655 Galli
152 1600 295 1700 ,pefdum’
322 1616 384 1657 Μ
406 1602 465 1671 ‘³5⁰⁵
488 1600 615 1675 ⁸¹¹ffm⁸i⁸
637 1616 868 1702 pr¹¹¹¹⁰f⁰ffr⁰⁵⁵¹¹
918 1639 945 1689 et
961 1633 1112 1706 lacrymas,
1139 1631 1241 1706 angulo
1265 1610 1431 1705 sarcophagi
1454 1629 1579 1701 adamus,
1596 1628 1678 1702 coepit
1692 1645 1722 1687 se

67 1687 244 1789 def⁰⁸¹⁸⁵¹me
265 1697 433 1791 premetur!
459 1698 571 1764 fecepm
592 1691 666 1764 qu⁰d
681 1697 808 1747 mem
822 1688 867 1746 ¹¹¹*
882 1722 1022 1817 Bsensim
1037 1721 1163 1793 erigere,
1180 1736 1231 1777 nec
1246 1720 1321 1793 prius
1340 1720 1404 1777 lecti
1417 1719 1546 1792 angulum
1561 1719 1604 1775 cui
1619 1718 1720 1776 innite-

68 1793 152 1846 Μ’
166 1778 290 1852 audens
305 1779 448 1836 ³b⁸⁰⁸⁸⁵¹²·
921 1811 1000 1866 batur
1013 1811 1135 1866 deseruit
1149 1825 1228 1882 quam
1251 1817 1355 1865 statura
1376 1816 1468 1865 erecta
1489 1817 1516 1865 et
1537 1815 1649 1880 accepto
1673 1823 1722 1864 ro-

353 1894 466 1951 CAPUT
484 1894 580 1951 XLVI.
922 1900 990 1955 bore
1004 1916 1055 1970 per
1082 1915 1112 1954 se
1126 1899 1167 1955 ire
1178 1905 1204 1955 et
1214 1898 1304 1953 redire
1313 1897 1455 1969 potuisset.
1467 1897 1521 1967 Qui
1530 1905 1652 1968 tempore
1662 1912 1722 1970 pro

264 1990 388 2047 dandclu
411 1991 522 2048 rutilus
541 1993 669 2048 incensa.
921 1988 1028 2046 cedenti
1051 1987 1133 2060 plena
1148 1986 1262 2043 sanitate
1286 1987 1414 2054 donatus,
1430 1985 1570 2042 incudem
1584 1993 1723 2042 monaste·

103 2085 166 2142 Non
192 2086 276 2143 multo
296 2088 438 2159 interjecto
475 2098 618 2161 tempore,
646 2088 712 2145 dum
740 2085 871 2144 festivitas
920 2078 963 2133 rio
986 2077 1116 2149 precibus
1139 2084 1166 2134 et
1194 2084 1296 2133 sanctae
1318 2075 1380 2132 vitae
1407 2074 1565 2132 deserviens
1587 2075 1721 2133 hactenus

68 2182 230 2232 octavarum
252 2175 412 2248 Epiphaniae
438 2194 528 2234 annuo
557 2178 743 2234 celebraretur
769 2175 869 2246 officio,
920 2156 1110 2206 wnversmr·

65 2264 172 2321 cunctis
193 2272 315 2336 tempore
338 2265 466 2327 sacrificii
486 2267 522 2324 cd
546 2266 688 2325 ecclesiam
703 2265 870 2324 convenien·
1195 2244 1307 2301 CAPUT
1325 2242 1443 2356 mm:

68 2353 153 2421 tibus,
168 2353 312 2410 luminaria
326 2362 352 2410 et
367 2356 489 2413 candelae
504 2356 719 2412 incendebantur
733 2372 767 2412 ex
781 2372 867 2413 more.
1166 2343 1313 2400 ⁶⁰²²⁶l¹l⁸l⁰⁰
1331 2345 1467 2399 “umm-

66 2442 130 2499 Una
142 2450 232 2498 autem
246 2443 360 2500 candela
373 2443 433 2500 siue
442 2444 544 2501 lumine
559 2444 629 2500 inter
642 2453 757 2502 caeteras
771 2446 869 2502 arden·
955 2443 1019 2499 llaec
1032 2441 1067 2497 de
1088 2439 1278 2512 copiosissima
1301 2449 1395 2514 segete
1417 2438 1489 2495 beati
1505 2438 1576 2496 Galli
1590 2439 1719 2496 vidulum

66 2538 112 2587 tes
125 2531 249 2600 dimissa,
265 2531 337 2588 inter
351 2549 426 2590 sacra
441 2533 532 2589 missae
554 2533 687 2590 solemnia
700 2533 868 2607 principalis,
918 2531 1057 2587 memoriae
1071 2530 1179 2586 horreis
1193 2545 1280 2603 grana
1301 2530 1378 2584 libuit
1400 2529 1602 2596 commendare,
1626 2537 1653 2585 et
1668 2543 1718 2585 no·

67 2620 160 2692 primo
174 2619 253 2691 caepit
266 2620 393 2692 paulatim
415 2622 490 2678 sumo
504 2623 577 2678 tenui
597 2638 730 2694 vaporare
747 2639 753 2679 :
770 2624 869 2680 deinde
918 2619 983 2675 stris
997 2627 1024 2676 et
1046 2618 1163 2674 aliorum
1184 2619 1308 2690 pastibus
1331 2616 1484 2690 profutura.
1511 2618 1639 2674 Poterant
1658 2618 1718 2675 hmo

66 2708 225 2765 videntibus
238 2724 293 2764 nou
308 2711 401 2780 paucis
420 2710 556 2766 llammam
570 2712 729 2784 concipiens
743 2718 770 2767 et
784 2720 868 2768 caete-
917 2709 991 2764 enim
1014 2707 1159 2779 plurimum
1180 2707 1357 2780 diligentibus
1374 2706 1504 2776 justitiam
1527 2705 1718 2763 edificationis

62 2796 106 2852 ris
120 2797 218 2852 clarius
233 2798 357 2866 rutilans,
375 2799 447 2874 signi
462 2800 588 2858 effectum
603 2800 759 2875 splendoris
770 2800 867 2876 singu-
917 2796 1041 2853 conferre
1056 2814 1063 2851 ε
1076 2797 1141 2868 quia
1162 2804 1189 2851 et
1212 2811 1319 2851 morum
1342 2796 1513 2851 honestatem
1527 2795 1675 2860 insinuant,
1692 2803 1719 2852 et

64 2883 174 2943 laritate
189 2887 399 2944 commendavit.
916 2886 950 2940 ad
964 2886 1072 2941 laudem
1087 2884 1205 2951 Domini,
1222 2883 1269 2957 qui
1291 2884 1329 2940 its
1352 2892 1462 2940 sanctos
1486 2899 1551 2940 suos
1572 2881 1716 2958 glorificat,

916 2974 1007 3030 devoti
1035 2973 1144 3030 lectoris
1172 2973 1294 3029 annuum
1318 2972 1362 3030 vel
1382 2972 1512 3029 auditoris
1535 2971 1716 3029 inflammant.

343 3028 456 3087 CAPUT
474 3030 585 3086 XLVII·
916 3061 1050 3118 Caeterum
1071 3070 1109 3117 tot
1131 3070 1157 3117 et
1180 3069 1256 3117 tauta
1277 3069 1339 3117 sunt
1362 3062 1485 3131 ejusdem
1513 3060 1600 3118 sancti
1628 3061 1716 3116 Patris

161 3126 259 3184 ⁵0⁰²¹⁴⁸
277 3144 294 3183 ‘¹
309 3128 464 3201 multllm
482 3128 627 3185 debilitate
646 3133 775 3185 “llam
881 3112 1055 3217 Cmiracula,
1083 3158 1113 3206 ut
1136 3166 1189 3206 nec
1215 3165 1232 3204 a
1260 3149 1389 3205 studiosis
1411 3150 1589 3222 scriptoribus
1604 3157 1717 3222 propter

103 3235 198 3308 Nuper
212 3253 320 3310 qrroque
340 3238 374 3294 de
389 3239 497 3296 natione
514 3239 667 3306 Scotorum,
684 3238 782 3310 quibus
795 3254 863 3296 con·
913 3239 1022 3310 copiam
1045 3238 1088 3294 sui
1110 3238 1216 3309 possint
1240 3238 1447 3311 comprehendi,
1472 3255 1524 3295 uec
1537 3255 1554 3294 a
1567 3237 1717 3295 fastidiosis

63 3325 182 3381 suetudo
196 3327 391 3398 peregrinandi
402 3329 458 3398 jam
472 3344 542 3399 pene
552 3328 581 3383 in
595 3334 721 3384 naturam
730 3343 865 3384 conversa
912 3325 1060 3382 lectoribus
1075 3326 1135 3382 sine
1151 3327 1233 3382 taedio
1248 3335 1274 3382 et
1297 3335 1393 3400 rugata
1416 3326 1505 3383 lronte
1525 3327 1657 3400 percurri.
1674 3327 1717 3384 En

62 3421 117 3481 est,
140 3413 249 3485 quidam
268 3416 454 3486 advenientes,
480 3432 563 3472 unum
584 3432 600 3472 e
621 3416 677 3471 suis
700 3415 864 3472 conviatori·
913 3429 978 3470 vero
992 3414 1054 3469 huic
1068 3414 1145 3485 operi
1161 3421 1265 3469 tantum
1287 3416 1392 3471 inserta
1406 3424 1480 3483 sunt,
1510 3433 1572 3490 quae
1593 3422 1620 3473 et
1633 3431 1717 3473 vera-

62 3501 115 3556 bus
129 3502 271 3574 multiplici
283 3513 363 3576 peste
376 3520 534 3577 possessum
547 3504 575 3559 in
590 3505 686 3561 eodem
697 3504 864 3561 monasterio
913 3503 986 3561 cium
1001 3502 1133 3558 relatione
1149 3502 1259 3558 testium
1275 3503 1418 3559 veritatem
1434 3505 1599 3572 custodiant,
1616 3512 1643 3561 et
1656 3521 1717 3563 mo·

63 3589 236 3647 dimiserunt.
260 3592 395 3663 Quicum
419 3594 564 3666 aliquantis
588 3593 690 3650 ibidem
708 3601 864 3650 moraretur
913 3592 1008 3649 derata
1021 3591 1153 3647 brevitate
1177 3590 1289 3661 nullius,
1314 3591 1439 3664 quamvis
1459 3591 1541 3649 ctiam
1556 3593 1632 3649 utilia
1646 3610 1717 3652 nau·

62 3677 172 3746 diebus,
188 3688 215 3734 et
229 3682 349 3752 quotidie
364 3682 529 3738 infirmitatis
544 3699 600 3738 suae
616 3683 767 3739 remedium
782 3683 864 3754 plena
913 3681 1025 3750 acautis,
1041 3687 1161 3745 mentem
1173 3678 1330 3738 offendant.

60 3764 116 3824 fide
131 3768 302 3838 deposceret,
318 3779 397 3826 nocte
414 3771 533 3843 quadarn
549 3787 644 3827 senem
658 3772 710 3826 sibi
725 3787 776 3843 per
791 3786 863 3826 sorn-
1403 3824 1408 3838 ¹
1434 3824 1440 3838 ι

62 3852 138 3906 nium
152 3853 219 3908 vidit
239 3854 378 3921 assistere,
404 3863 484 3928 gestu
506 3864 532 3910 et
553 3856 646 3910 habitu
664 3856 862 3922 venerandum,
1170 3823 1266 3880 oram
1292 3823 1450 3895 Walasnd&

63 3956 145 4013 quem
160 3942 221 4013 quis
240 3950 314 3998 esset
335 3943 519 4015 interrogans,
546 3944 732 4000 beatissimum
754 3944 864 4002 Gallum
923 3931 931 3950 ’
950 3949 1134 4008 obsecramus
1157 3951 1248 4024 itaque
1272 3959 1309 4018 te,
1325 3953 1404 4008 beate
1420 3951 1514 4020 Galle,
1531 3951 1631 4009 Christi
1646 3968 1715 4011 con-

61 4027 147 4085 luisse
163 4031 316 4102 perdidicit.
334 4033 368 4088 Et
381 4033 506 4103 protinus
529 4033 564 4089 ad
580 4034 655 4089 illum
673 4051 680 4089 ι
697 4033 802 4101 Cernis,
819 4033 865 4088 in·
914 4033 1012 4106 sessor,
1043 4044 1071 4090 ut
1097 4036 1167 4092 sicut
1194 4037 1339 4093 sanitatem
1368 4052 1511 4109 corporum
1533 4039 1639 4094 meritis
1662 4039 1715 4095 tuis

62 4117 130 4189 quit,
146 4134 164 4174 o
178 4119 297 4189 domine,
314 4128 370 4176 toto
392 4137 435 4176 me
459 4136 576 4193 corpore
593 4122 763 4191 dissolutum,
781 4121 865 4177 meri·
917 4124 1009 4179 multis
1023 4133 1049 4180 te
1065 4125 1212 4181 contulisse
1233 4126 1385 4192 retulimus,
1411 4127 1449 4182 ita
1462 4128 1564 4182 nostris
1579 4126 1716 4183 mentibus

60 4213 153 4261 torum
176 4215 283 4264 tuorum
307 4209 427 4281 quotidie
441 4211 605 4266 evidentiam
626 4211 786 4281 praestolari.
803 4211 866 4267 Noli
916 4213 1015 4269 divinae
1041 4214 1225 4271 miserationis
1251 4215 1386 4272 medelam
1410 4216 1557 4289 implorare
1580 4216 1713 4290 digneris.

60 4309 130 4367 ergo
156 4296 230 4368 quod
261 4305 286 4352 te
313 4298 459 4370 aliquando
488 4300 569 4355 credo
598 4299 730 4356 lecturum
754 4298 866 4356 differre
915 4304 1012 4359 Arnen.

1454 4517 1707 4534 ψ

327 4645 549 4778 VITA
609 4645 936 4782 SANOTI
999 4649 1429 4786 OTHMARI

723 4878 837 4921 tastris
852 4880 1082 4922 stit-offlxsts.

419 5017 696 5092 lllABlLLONlI
722 5020 1109 5094 OBSERVATIONES
1134 5021 1338 5095 PRAEVIAE

440 5274 444 5285 .
537 5196 615 5267 (ltcta
625 5195 788 5254 Sanctorum
803 5195 908 5253 ordinis
927 5197 956 5254 S.
971 5195 1111 5268 Benedic,
1127 5204 1193 5255 tom.
1210 5199 1269 5270 lv.)

97 5424 122 5478 l.
140 5421 232 5480 Sancti
248 5422 487 5482 Onnutmnomeu
500 5443 620 5484 nounno
634 5429 716 5485 modo
732 5429 778 5501 pin
799 5431 862 5487 ebat
874 5429 969 5497 Erus,
983 5431 1065 5486 obbas
1084 5430 1292 5502 durgaugensis
1309 5446 1358 5487 seu
1372 5433 1578 5490 monasteriis.
1595 5432 1709 5489 Galloni

56 5502 101 5551 tur
114 5496 186 5576 apud
210 5496 346 5568 antiquos.
372 5497 402 5551 ln
419 5499 521 5553 chartis
535 5514 552 5554 a
565 5500 712 5557 Melchiore
728 5448 858 5560 Golgasto
909 5518 992 5574 quern
1001 5501 1045 5555 alii
1066 5502 1221 5567 Callonem,
1234 5500 1316 5575 vulgo
1327 5502 1440 5560 Gallum
1450 5504 1597 5576 appellant.
1608 5502 1710 5583 Utrius-

57 5565 178 5638 vulgatis
192 5566 221 5621 in
231 5568 311 5623 tomis
326 5569 350 5623 ll
359 5577 385 5624 et
400 5570 437 5624 111
448 5571 549 5626 Rerum
564 5572 811 5640 Alamannicarum,
824 5575 860 5633 lc·
909 5590 962 5655 que
979 5573 1077 5639 Vitam,
1092 5580 1252 5629 sanctorum
1266 5573 1370 5631 seilicet
1379 5575 1451 5632 Galli
1461 5583 1487 5630 et
1498 5572 1710 5654 Otlrman,·lrtte-

57 5636 134 5711 gitur
147 5637 336 5709 Audemcrcr,
349 5638 538 5713 Audootcrrtr,
551 5643 707 5703 tetmarus
721 5651 748 5702 et
763 5644 859 5704 Olmo-
908 5659 947 5700 ris
962 5643 1101 5703 mandavit
1107 5641 1280 5702 Walalridus
1289 5645 1401 5703 Strabus
1408 5645 1494 5702 abbas
1504 5647 1662 5717 buglensis,
1673 5642 1711 5701 od

882 5902 891 5935 ι
957 5941 960 5946 .
