3772 6112
1019 42 1035 73 Ο

101 254 172 311 {0⁰5
483 251 565 312 itia
574 251 604 310 S.
620 250 733 310 onim.
749 281 784 294 -
797 250 861 309 LIB.
877 252 911 309 ti.
925 248 1032 309 S1ortt
1044 248 1094 309 Eo
1106 247 1253 310 botruo
1267 248 1391 308 Facta.
1675 252 1747 311 iooo

100 377 194 435 locum
208 376 387 445 monumenti,
403 385 429 435 et
443 378 641 450 suspenderunt
655 378 714 435 haec
736 377 785 432 tria
805 383 903 449 mortr-
911 384 939 446 A
952 376 1076 434 miraculi
1089 376 1215 449 patefecit
1229 391 1283 449 qua
1298 375 1370 449 apud
1384 391 1414 432 se
1438 374 1560 432 claritate
1574 375 1685 448 spiritus
1694 377 1748 434 ful·

100 464 237 524 flectionis
252 468 310 538 eius
325 467 424 524 indicia
436 467 511 538 Juxta
524 467 656 522 tumulum
678 467 713 522 ad
728 475 807 539 caput
821 467 899 537 ejus3
950 483 1017 540 gere
1045 467 1134 523 amici.
1150 469 1220 522 Nam
1235 467 1289 523 duo
1304 466 1378 523 cerei
1399 466 1427 521 in
1449 474 1541 522 castro
1564 465 1629 522 dum
1649 483 1748 539 corpus

100 572 152 628 per
166 573 227 630 qum
240 557 369 629 deinceps
383 557 417 612 ad
432 557 617 612 ostensionem
630 556 790 612 meritorum
803 555 899 627 ipsius,
951 556 1010 625 ejus
1037 556 1189 612 elevaretur
1216 555 1335 626 accensi,
1364 555 1400 610 ita
1429 555 1556 611 ardentes
1583 554 1667 611 delati
1689 563 1752 612 suut

100 645 234 717 plurimas
248 647 380 702 Dominus
394 646 508 702 virtutes
521 646 567 718 pie
582 645 766 718 querentibus
782 642 902 701 exhibuit
950 644 1080 717 usquead
1090 640 1180 701 locuni
1191 645 1347 716 sepultura.
1359 644 1442 701 Posiii
1456 652 1555 714 autem,
1572 660 1642 700 unus
1655 643 1691 700 ad
1704 659 1751 702 ca·

102 732 163 803 Qua
179 751 211 790 ex
220 750 250 791 re
266 735 419 807 intelligere
429 734 645 807 possumusquia
659 734 733 790 idern
746 734 795 800 vir,
812 742 839 788 et
854 732 903 788 sia
952 741 1009 805 put,
1027 732 1096 789 alter
1110 734 1253 806 nipedes,
1268 750 1317 805 per
1331 733 1444 806 triginta
1457 733 1586 805 deinceps
1606 733 1666 790 dies
1685 734 1751 805 (mi-

100 832 279 895 persecutore
294 824 436 898 sanguinis
451 823 583 880 effusione
598 839 652 879 nou
676 830 718 878 est
737 821 901 888 immolatus,
954 822 1041 878 rabile
1056 822 1129 878 dictu
1147 822 1167 893 l)
1181 838 1236 878 non
1256 820 1408 878 deficiendo
1433 822 1574 889 ardebant,
1592 830 1619 879 et
1631 822 1752 880 ardendo

102 914 281 986 semetipsum
295 922 387 969 tamen
402 912 520 970 offerens
535 912 650 968 Domino
672 911 788 967 hostiam
813 910 904 966 vivam
952 926 1009 966 nou
1031 909 1202 967 deficiebant.
1218 912 1253 966 Et
1270 919 1299 966 ut
1313 919 1508 967 monstraretur
1519 912 1568 967 bas
1580 910 1695 966 durandi
1709 909 1754 968 vi·

101 1001 130 1057 in
145 1003 258 1058 odorem
274 1003 424 1072 suavitatis,
440 1010 467 1058 et
486 1017 595 1059 amcam
611 1017 687 1057 suam
708 1000 817 1067 tollens,
833 1015 904 1072 quo·
954 1016 1000 1055 res
1014 1015 1084 1056 cerae
1098 999 1212 1070 liquenti
1226 999 1330 1056 ooelitus
1344 1000 1491 1068 attributas,
1507 1000 1542 1055 de
1556 999 1616 1070 ejus
1630 999 1755 1058 miraculi

103 1090 225 1164 tidieque
250 1091 417 1148 salvatorem
441 1098 560 1161 secutus,
583 1088 705 1163 martyrii
726 1088 851 1146 laborem
877 1093 906 1144 et
954 1088 1068 1144 materia
1082 1087 1206 1160 plurimae
1220 1087 1249 1143 in
1270 1095 1411 1160 posterum
1439 1088 1553 1145 virtutes
1582 1095 1752 1146 emanarunt.

106 1179 227 1253 palmam
233 1180 375 1238 confessor
388 1180 502 1252 adeptus
516 1186 567 1235 est.
954 1177 1025 1233 Nam
1039 1176 1192 1249 quicunque
1206 1176 1327 1232 dentium
1342 1176 1447 1250 fatigati
1461 1176 1610 1246 doloribus,
1627 1176 1671 1234 vel
1686 1187 1755 1235 oett·

955 1265 1044 1322 lorum
1056 1264 1226 1336 lippitudine,
1242 1266 1287 1320 vel
1301 1265 1406 1320 aurium
1430 1265 1609 1337 praelusione
1622 1265 1756 1322 laboran-

373 1323 486 1380 CAPUT
509 1320 640 1377 XXXIII·
956 1363 1008 1421 tes,
1024 1354 1058 1410 de
1072 1353 1176 1410 eisdem
1185 1353 1273 1410 caries
1281 1353 1420 1426 quippiam
1428 1369 1498 1410 cerae
1505 1354 1632 1422 tulerunt,
1648 1362 1675 1411 et
1688 1353 1757 1411 loeis

106 1438 245 1509 QuomodO
264 1441 297 1497 ab
310 1436 397 1514 'equit
414 1438 562 1495 immitit
586 1437 622 1493 od
637 1436 730 1494 locum
752 1433 909 1509 Sopolim
958 1459 1019 1516 quae
1043 1442 1198 1513 hujusmodi
1214 1442 1375 1498 tenebantur
1388 1441 1567 1499 incommodis
1586 1450 1757 1515 aptaverunt,

384 1527 641 1602 iluidsslflmmfif·
958 1539 1056 1602 optatae
1077 1531 1205 1587 celeriter
1224 1530 1296 1586 dona
1317 1546 1464 1603 percepere
1488 1531 1592 1586 saluus.
1615 1531 1759 1589 Posthac

144 1648 292 1721 Postquam
308 1645 435 1703 sanctitas
449 1642 597 1702 venerandi
616 1640 703 1696 Patris
730 1647 756 1696 et
783 1637 910 1696 miraculi
960 1628 1035 1677 ‘anm
1062 1620 1146 1677 Vilius
1169 1620 1205 1675 id
1228 1620 1461 1676 Sfflissdffliffl'fit
1489 1618 1689 1676 infirmitatibus
1710 1621 1758 1677 de·

106 1736 306 1810 magnitudine,
331 1743 358 1791 et
388 1735 486 1791 borum
511 1729 729 1787 manifestatione
752 1727 908 1802 signorum,
926 1733 1081 1811 Bpressos,
1098 1717 1172 1789 apud
1187 1717 1340 1789 sepulemm
1352 1716 1425 1773 beati
1437 1717 1488 1773 viri
1501 1717 1605 1774 cunetis
1627 1717 1692 1775 illue
1713 1732 1762 1776 ve·

105 1825 214 1883 eunctis
230 1825 276 1896 qui
288 1823 393 1879 denaris
408 1822 466 1892 eius
481 1821 631 1876 intererant
645 1817 773 1891 negotiis,
790 1822 914 1888 patenter
963 1806 1109 1876 nientibus,
1126 1814 1152 1861 et
1166 1806 1318 1861 orationum
1328 1806 1387 1875 ejus
1397 1805 1528 1878 suffragia
1537 1805 1654 1862 fideliter
1667 1812 1763 1879 postu-

108 1922 222 1970 ostensa
236 1920 288 1983 ast,
304 1912 450 1984 episcopus
466 1911 500 1964 ad
524 1908 655 1965 feretrum
677 1904 804 1972 accessit,
830 1911 913 1960 etex
963 1895 1082 1950 lantibus
1097 1894 1232 1966 appamit,
1248 1902 1277 1950 ut
1296 1902 1323 1950 et
1350 1893 1425 1950 fama
1449 1893 1513 1950 tanti
1540 1894 1630 1950 meriti
1656 1895 1762 1953 cunctis

110 2018 166 2059 una
193 2009 271 2075 parte
286 2000 353 2057 illud
381 1998 537 2064 sublevans,
562 1996 723 2069 presbytero
752 1992 912 2049 altrinsecus
964 1999 1026 2056 quaa
1039 1983 1235 2055 circumpositae
1250 1982 1500 2057 erantregionibus
1519 1981 1714 2054 innotesceret,
1736 1991 1764 2041 et

107 2091 277 2155 sustollente,
293 2089 372 2162 equis
396 2086 581 2160 superposuit,
606 2092 633 2140 et
648 2081 800 2140 astantibus
818 2079 888 2136 dixit
904 2091 911 2131 :
963 2072 1040 2130 loeus
1052 2072 1112 2146 ipse
1125 2086 1180 2129 non
1192 2072 1366 2130 mediocriter
1379 2071 1600 2146 frequentaretur
1612 2088 1628 2128 a
1642 2072 1761 2146 populis.

104 2178 217 2236 Auferte
233 2178 327 2236 frenos
342 2178 376 2235 de
387 2177 520 2249 capitibus
535 2191 638 2240 eorum,
654 2181 692 2239 ut,
700 2172 826 2227 libertate
841 2184 911 2225 con-

107 2284 199 2335 cessa,
218 2284 271 2341 quo
290 2266 423 2324 Dominus
437 2263 553 2322 voluerit
567 2269 695 2336 pergant.
712 2261 831 2331 Accepta
846 2273 913 2330 ergo
1243 2267 1356 2325 CAPUT
1368 2262 1485 2326 χχχιχ,

106 2373 189 2416 eruce
210 2365 237 2414 et
250 2356 383 2423 candelis,
398 2354 520 2427 psalmos
535 2361 561 2409 et
582 2350 714 2407 melodias
727 2347 912 2412 concinentes,

106 2447 157 2503 iter
171 2462 256 2520 agere
271 2452 422 2518 eoepemnt.
434 2442 506 2515 Equi
520 2449 612 2498 autem
626 2440 654 2496 in
667 2446 794 2496 neutram
807 2441 913 2509 partem

108 2536 288 2603 declinantes,
304 2542 381 2591 recto
396 2533 494 2588 itinere
507 2536 686 2603 perrexeruut
700 2528 735 2583 ad
748 2525 845 2583 cellam
861 2520 914 2580 viri
999 2542 1067 2613 Quia
1082 2540 1173 2615 igitur,
1190 2557 1207 2597 0
1222 2541 1371 2599 beafissimq
1393 2545 1498 2617 patres,
1523 2546 1579 2604 vita
1599 2555 1626 2605 e,
1648 2548 1763 2611 virtum

108 2624 171 2680 Dei.
192 2624 252 2694 Quo
267 2640 329 2680 cum
342 2621 542 2694 pervenissent,
559 2619 711 2692 depositum
734 2613 913 2712 estferetrum
963 2631 1050 2689 sancti
1065 2631 1146 2698 Gall,⁹
1162 2632 1186 2687 si
1199 2631 1227 2686 ᾖ]
1241 2648 1325 2687 ,mum
1339 2634 1548 2707 compingantur
1568 2635 1678 2708 librum,
1694 2657 1763 2714 pos.

108 2720 170 2769 anta
185 2712 342 2769 oratorium.
359 2710 491 2782 Discipuli
506 2717 596 2764 autern
611 2709 679 2778 ejus,
710 2705 847 2762 elevantes
873 2717 913 2773 pu
963 2730 1026 2778 sun,
1046 2721 1081 2777 01,
1106 2721 1148 2776 sui
1168 2720 1351 2792 pquqatem
1374 2722 1486 2795 aliquod
1511 2724 1612 2799 legenti
1636 2728 1763 2802 ingemo

108 2802 229 2858 doctoris
252 2800 389 2874 reliquias,
406 2800 557 2855 intulerunt
584 2805 611 2852 et
635 2803 697 2851 ante
709 2795 794 2851 altare
809 2806 912 2865 posue·
962 2811 1110 2878 mmmm,
1127 2810 1208 2867 smmi
1219 2810 1570 2885 duobushocopuslibeffis
1581 2816 1760 2892 distinguere,

109 2898 178 2947 “¹¹1¹-
200 2891 304 2946 Deinde
329 2891 430 2962 pariles
451 2903 514 2944 cum
537 2885 667 2958 elli⁸⁰0l³0
692 2882 842 2940 0l⁸²i⁰¹¹e¹¹¹
861 2893 913 2978 Bm
963 2909 992 2956 ut
1007 2900 1081 2972 prior
1095 2900 1203 2956 illorum
1217 2899 1301 2956 vitam
1316 2901 1375 2972 ejus
1390 2908 1417 2957 et
1427 2911 1504 2959 acius
1518 2921 1605 2978 usque
1619 2906 1655 2962 ad
1671 2908 1763 2980 sepul-

106 2980 154 3036 illo
169 2980 311 3049 facientes,
327 2978 456 3036 fecerunt
470 2976 574 3033 fossam
601 2972 720 3045 sepulcri
734 2972 805 3027 inter
819 2983 913 3068 parie-
962 2998 1051 3045 mmm
1065 2988 1136 3044 ,qius
1163 2988 1285 3046 veridica
1308 2990 1440 3047 remoue
1462 2993 1616 3064 perdueai;
1640 3013 1761 3071 sequens

108 3076 164 3124 tem
178 3069 314 3135 stultam,
330 3067 420 3140 ibique
430 3065 560 3137 precibus
571 3063 634 3119 huie
644 3061 686 3118 rei
700 3057 914 3132 congruentibus
963 3072 1098 3128 mirabilia
1112 3089 1172 3145 quae
1188 3073 1362 3144 postmodum
1375 3091 1425 3146 pro
1443 3075 1546 3132 meritis
1561 3077 1621 3148 ejus
1630 3080 1763 3140 Dominus

109 3157 267 3231 premissis,
284 3156 448 3228 sepelierunt
458 3170 539 3219 eum;
555 3151 736 3223 omnibusque
768 3148 818 3202 rite
845 3162 911 3203 eou-
961 3161 1079 3219 0siendit
1095 3178 1102 3217 :
1118 3161 1207 3233 primo
1226 3161 1354 3219 videlicet
1374 3178 1408 3218 ea
1431 3181 1493 3237 qum
1511 3165 1631 3238 priorum
1654 3171 1690 3227 ad
1711 3187 1762 3230 uos

110 3246 260 3313 summatis,
277 3243 420 3300 multitudo
435 3259 497 3315 quae
511 3241 545 3296 ad
560 3239 627 3295 tanti
640 3238 692 3295 viri
707 3235 846 3295 concurrit
860 3251 911 3290 ex·
962 3251 1064 3321 scripto
1077 3250 1183 3322 perlata
1198 3259 1260 3306 sunt
1273 3259 1392 3320 retexat3
1408 3251 1508 3310 deinde
1518 3272 1579 3328 quae
1593 3272 1610 3313 a
1624 3260 1764 3331 probatis-

110 3335 231 3408 sequias,
242 3334 362 3407 episcopi
372 3329 562 3390 benedictione
572 3326 745 3396 communita,
757 3324 792 3381 ad
802 3322 912 3396 propria
962 3339 1038 3395 simis
1062 3338 1177 3394 testibus
1200 3338 1328 3410 indicata,
1353 3347 1447 3396 nostra
1476 3350 1555 3400 aetate
1576 3362 1592 3401 a
1617 3346 1765 3410 Gotzberto

111 3424 252 3482 remeavit.
962 3426 1125 3486 charissimo
1140 3425 1226 3483 fratre
1240 3427 1339 3483 litteris
1354 3436 1417 3483 sunt
1442 3433 1582 3501 mandata,
1599 3437 1740 3498 subnectat
1755 3458 1763 3499 r

31 3506 32 3510 Ἰ
383 3551 496 3610 CAPUT
514 3548 643 3605 mlv·
962 3517 1085 3588 nequod
1101 3514 1280 3587 particulatim
1306 3516 1437 3588 scriptum
1465 3528 1516 3590 est,
1547 3521 1681 3584 laciniosa
1695 3529 1767 3588 divi·
1823 3504 1829 3512 ”

967 3604 1044 3661 sione
1059 3603 1240 3676 disjungatur,
1257 3604 1306 3660 sed
1319 3604 1409 3676 potius
1425 3608 1628 3678 quodjunctum
1637 3624 1680 3671 cst
1692 3619 1768 3690 pari.

967 3694 1041 3749 litate
1055 3692 1199 3762 factorum,
1214 3693 1249 3748 sit
1263 3692 1345 3748 etiam
1355 3695 1510 3765 copulatum
1521 3704 1767 3772 comprehensione

153 3791 225 3848 Dum
240 3788 314 3844 beati
328 3785 452 3858 corporis
465 3784 624 3838 thesaurum
634 3777 698 3833 felix
711 3775 788 3831 locus
803 3771 876 3827 iutra
889 3786 919 3827 so
966 3783 1110 3840 diciorum.
1127 3781 1375 3854 niquehicprioris
1389 3783 1474 3840 libelli
1484 3784 1615 3861 finisquae
1624 3797 1769 3864 praemissa

113 3879 292 3951 suscepisset,
316 3876 412 3932 volens
426 3872 557 3930 Dominus
585 3870 619 3925 de
645 3873 733 3922 morte
761 3862 855 3919 famuli
877 3859 919 3917 sui
967 3880 1029 3927 sunt
1042 3870 1178 3942 terminet,
1195 3878 1222 3925 et
1237 3871 1360 3943 sequenti
1375 3888 1436 3945 quae
1446 3882 1549 3933 restant
1564 3877 1623 3938 siue
1637 3884 1767 3956 praejudi.

117 3976 298 4034 moerentibus
308 3971 501 4033 consolationis
510 3968 634 4042 praebere
644 3963 789 4030 medelam,
800 3961 919 4019 novitate
967 3961 1010 4019 cio
1023 3959 1279 4033 comprehendenda
1292 3969 1423 4018 reservet.

1031 2437 1044 2465 ι
1230 2401 1378 2460 Conclusio
1394 2404 1493 2461 tiietti.

275 3669 486 3727 lflrceelamin
501 3666 590 3723 cercis
604 3666 758 3720 oscarum.

163 4117 1752 4154 *Μ’-Ἣ

632 4195 839 4312 LIBER
886 4190 1240 4309 SECUNDUS

531 4405 568 4454 DE
588 4404 734 4452 amaturis
754 4402 823 4449 rost
844 4400 958 4448 MORTEM
978 4399 1061 4448 litim
1081 4401 1163 4449 ostii
1183 4399 1322 4448 iniustis

376 4605 487 4665 cardi
506 4604 652 4662 PRIMUM.
929 4599 1094 4673 Dpraeditus
1108 4614 1170 4655 cum
1189 4595 1311 4653 exercitu
1338 4611 1449 4669 magno,
1478 4602 1505 4652 et
1531 4595 1572 4653 ira
1600 4596 1768 4661 intolerabili

133 4701 271 4773 Quomodo
286 4698 551 4772 bustessepuierum
565 4696 594 4750 D.
612 4692 686 4749 Galli
707 4690 895 4748 violaverunt.
965 4689 1113 4746 concitatus
1141 4684 1294 4744 devastavit
1317 4701 1371 4741 nou
1400 4684 1541 4741 minimam
1566 4697 1672 4761 partem
1699 4693 1765 4768 pagi

149 4791 250 4849 Meritis
264 4786 415 4844 beatissimi
430 4785 502 4841 Galli
526 4782 645 4856 quotidie
659 4797 710 4852 per
724 4779 914 4834 miraculorum
965 4779 1011 4852 qui
1039 4778 1072 4832 ab
1108 4775 1280 4833 interfluente
1309 4773 1391 4831 fluvio
1418 4775 1554 4848 Turgowa
1590 4779 1762 4856 nominatur,

112 4882 192 4957 signa
206 4877 374 4935 radiantibus
388 4874 507 4948 etlonge
522 4873 630 4943 lateque
658 4867 914 4940 circumpositorum
965 4865 1171 4923 Constantiense
1198 4880 1308 4938 quoque
1333 4863 1498 4920 territorium
1534 4873 1561 4922 et
1593 4868 1764 4931 Arboneusis

113 4987 197 5028 aurea
211 4969 290 5024 famae
313 4982 370 5022 suae
392 4963 535 5020 dulcedine
558 4958 749 5024 mulcentibus,
775 4973 836 5014 eum
856 4956 913 5025 jam
963 4966 1028 5039 pagi
1042 4963 1160 5022 e0nfinia
1173 4961 1332 5034 depopulari
1344 4961 1426 5032 coepit
1442 4969 1468 5018 et
1494 4963 1560 5038 igne
1583 4970 1760 5029 succendere,

114 5069 176 5134 post
189 5058 332 5115 transitum
348 5055 407 5124 ejus
421 5052 485 5108 anni
499 5048 681 5124 quadraginta
693 5056 706 5082 ²
721 5044 835 5103 fuissent
849 5060 913 5102 evo·
964 5063 1053 5134 Vim,
1069 5061 1222 5136 quicunque
1237 5058 1351 5116 inveniri
1361 5067 1517 5132 potueruut,
1533 5062 1624 5135 gladio
1633 5069 1759 5139 peremit,

113 5148 171 5222 luti,
184 5149 259 5206 venit
274 5145 427 5213 Otbwinus,
452 5140 570 5214 partium
598 5136 756 5195 earumdem
779 5141 914 5207 potestate
964 5177 1063 5218 uxores
1077 5168 1104 5216 ,q
1116 5158 1246 5232 mulos
1261 5173 1356 5215 eorum
1369 5157 1397 5212 iu
1406 5158 1589 5230 captivitatem
1600 5164 1666 5237 egit.
1681 5166 1763 5225 Pecu·

140 5272 401 5332 ⁸1nmlgattssnnctt
431 5269 514 5326 lingui
536 5267 612 5323 Actis,
631 5265 656 5313 td
677 5264 736 5321 post
752 5261 915 5310 trienniuma
963 5260 1008 5319 liis
1021 5274 1130 5332 quoque
1145 5265 1172 5313 et
1187 5256 1261 5313 omni
1277 5246 1439 5328 supellectili
1453 5258 1560 5315 sublata
1573 5259 1677 5318 fructus
1701 5278 1760 5321 om.

114 5350 195 5397 morte
205 5346 285 5394 sanctl
297 5345 358 5393 Galli
372 5342 496 5389 accidisse
510 5340 609 5387 dieitur.
632 5341 692 5394 Quae
712 5337 780 5391 acu,
806 5333 865 5381 tlcst
876 5331 915 5379 vi·

115 5420 255 5468 tiosissima
266 5418 324 5471 sint,
337 5415 462 5462 rationem
473 5416 557 5459 tamen
568 5408 682 5466 praebent
702 5405 834 5453 dubitandi
851 5413 912 5450 num
962 5402 1051 5455 moret,
1060 5401 1207 5456 certumque
1218 5397 1371 5456 videaturisi
1383 5398 1445 5456 qnid
1456 5399 1572 5447 insaucii
1584 5401 1666 5458 Magni
1677 5402 1759 5453 bisto-

113 5491 276 5540 librurlorum
296 5487 493 5535 hallucinatione
515 5485 541 5530 iu
559 5479 688 5528 walafridi
708 5481 803 5524 tartum
821 5474 913 5523 menda
962 5474 1000 5521 ria
1009 5473 1061 5519 veri
1073 5473 1120 5526 est)
1130 5480 1174 5518 aas
1185 5470 1260 5527 longe
1270 5471 1357 5527 postea
1367 5470 1501 5525 devixisse,
1518 5472 1614 5518 tantum
1634 5472 1758 5524 interval-

115 5564 254 5622 trrcpserit
275 5565 346 5610 certa
375 5568 432 5608 cum
451 5558 477 5602 in
506 5554 590 5611 cupite
614 5551 737 5610 proximu,
762 5546 912 5595 walafridus
962 5541 1296 5593 lumamortesanctioaiii
1310 5542 1447 5589 adeladem
1471 5541 1672 5599 bicdasertptum
1686 5545 1758 5598 amq.

113 5618 914 5695 numennumenrueouorumisutmprcsstommpenunsme-
960 5616 1187 5675 rissenonpotast.
1201 5611 1651 5674 conlassaqucntemadnotatiouem.
