3772 6112
140 346 145 353 Ι
193 271 246 327 6οῚ
460 270 661 328 WdeFlllDl
675 269 797 326 saltam
811 267 912 325 rate.
928 265 1014 322 MON.
1031 263 1110 322 orl’.
1124 265 1212 322 PARS
1226 266 1247 321 l.
1262 295 1298 310 -
1311 265 1548 324 ruaotoctca.
1792 270 1839 323 cue

232 395 318 451 Vens.
333 398 379 453 20.
394 423 429 437 -
445 397 545 454 Nostra
559 397 744 453 conuersatio.
770 394 800 448 ld
823 401 864 448 est
879 390 995 448 vivendo
1009 389 1073 451 Aut
1093 391 1230 445 modestus
1253 407 1388 455 incessus,
1408 391 1519 446 humilis
1534 406 1626 447 sermo
1640 399 1668 447 et
1678 391 1839 460 hujusmodi.

195 491 222 539 et
236 483 415 556 intelligenda
432 485 517 540 simus
541 484 644 538 similes
668 482 784 554 angelis.
808 481 886 538 Unde
901 481 992 545 etiam,
1079 480 1162 535 Boura
1178 482 1273 550 seme.
1292 480 1388 551 (Aac.)
1407 480 1494 534 Nobis
1508 480 1564 535 vita
1578 487 1684 547 nostra,
1703 479 1763 534 aliis
1779 480 1840 536 bona

197 571 226 626 id
240 580 291 638 est,
309 581 408 643 praeter
421 574 562 628 commoda
585 589 647 644 quac
670 574 726 642 jam
748 573 888 633 babemus,
906 572 994 627 etium
1043 566 1114 622 sama
1128 568 1286 623 necessaria
1303 576 1352 623 est.
1370 569 1486 624 Proinde
1505 569 1660 640 quisquisa
1680 567 1838 642 tlagitierum

198 663 348 721 Dominum
359 667 566 737 exspectamus.

508 838 620 896 CAPUT
639 839 684 894 IV.

234 964 317 1018 Vnus.
336 965 361 1018 l.
377 991 412 1003 -
429 963 577 1031 Gaudium,
603 967 631 1020 ct
652 964 817 1021 consolatio.
843 962 874 1017 ld
887 971 994 1041 estber

196 1067 266 1125 quos
280 1052 308 1106 in
323 1052 451 1122 praesenti
471 1051 593 1108 latilicor
617 1060 643 1107 et
668 1053 695 1106 iu
719 1052 808 1108 tuturo
832 1051 992 1107 coronabor.

196 1139 344 1210 Discipulis
358 1140 431 1196 enim
447 1140 473 1197 iu
489 1156 577 1214 agone
592 1140 751 1207 victoribus,
768 1140 866 1212 dignus
882 1140 933 1196 erit
948 1155 993 1196 co-

195 1245 261 1285 rona
277 1229 417 1301 magister.

232 1317 318 1374 Vnus.
335 1322 362 1375 ιι.
379 1348 413 1359 -
429 1319 560 1376 Evodium
583 1336 657 1392 rope.
683 1329 735 1376 etc.
761 1319 864 1375 Omnes
883 1334 992 1385 moneo,

196 1407 246 1463 sed
260 1407 415 1478 specialiter
428 1407 562 1464 Evodiam
576 1417 603 1464 et
618 1409 784 1481 Synticben:
802 1407 866 1479 quia
881 1408 924 1463 lue
938 1424 995 1463 mu·

194 1495 425 1570 lieres'retigtosae
442 1498 635 1567 praedicatores
650 1499 790 1568 suscipere
806 1496 938 1552 solebant.

232 1585 318 1641 Vsus.
335 1588 362 1641 3.
372 1617 406 1627 -
418 1587 547 1644 Νοιιιίιιιι.
563 1586 616 1654 Qui
631 1586 741 1643 discreti
757 1594 818 1641 sunt
833 1586 937 1641 meritis
952 1584 994 1641 di·

196 1689 291 1730 versas
306 1676 462 1730 mansiones
476 1675 614 1731 habebunt
629 1676 656 1729 in
671 1684 772 1730 aetema
787 1675 878 1729 domo.
895 1673 992 1730 Unde:

1043 656 1200 711 criminibus
1215 657 1297 712 vitam
1311 672 1388 712 suam
1396 657 1523 724 custodit,
1534 657 1586 712 sibi
1600 656 1755 723 benefacit3
1771 659 1837 733 quia·

1044 745 1104 817 quis
1119 754 1209 801 autem
1221 744 1330 813 lamam,
1342 746 1422 802 etiam
1441 746 1468 801 in
1479 747 1547 802 alios
1560 744 1721 802 misericors
1736 755 1784 801 est.

1079 861 1164 917 vans.
1181 864 1224 918 aa.
1239 891 1274 901 -
1286 862 1411 929 occure,
1421 870 1473 920 etc.
1485 861 1535 921 llic
1548 870 1758 930 commemorat,
1772 864 1837 937 quod

1043 948 1094 1004 sibi
1115 967 1188 1022 saepe
1212 951 1370 1007 neccssaria
1392 950 1539 1018 miserant,
1575 951 1649 1007 unde
1673 951 1835 1011 alacritatem

1043 1056 1119 1094 suam
1133 1039 1337 1110 propensiorem
1353 1039 1450 1096 factam
1465 1040 1584 1096 ostendit
1603 1041 1667 1112 quia
1682 1040 1712 1094 in
1726 1056 1779 1114 quo
1790 1057 1835 1097 ne·

1043 1128 1179 1201 gligeutes
1202 1128 1265 1184 facti
1288 1127 1403 1195 strarant,
1429 1129 1551 1184 adbibita
1572 1129 1687 1184 solertia
1707 1129 1835 1197 iterarunt,

1044 1225 1073 1271 ut
1088 1233 1225 1272 memores
1239 1216 1301 1273 facti
1321 1217 1435 1288 apostoli
1457 1218 1499 1273 sui
1523 1218 1628 1273 fructus
1651 1218 1836 1274 emitterentin

1043 1307 1142 1362 horreo
1157 1306 1261 1362 coelesti
1282 1307 1449 1362 condendos.
1472 1306 1642 1380 aliquando,
1666 1315 1722 1362 etc.
1746 1307 1836 1380 Abquo

1043 1402 1176 1465 tempore,
1193 1395 1323 1466 quianon
1338 1395 1412 1451 omni
1426 1403 1582 1465 potuerunt.
1596 1396 1782 1464 ιῐιιίονιιιιιὶι.
1793 1396 1837 1451 lsr-

1043 1483 1183 1538 nistrando
1201 1483 1268 1537 mibi
1288 1482 1453 1539 necessaria.
1479 1483 1546 1553 erae
1569 1483 1733 1538 ministratio
1747 1483 1837 1539 dicitur

1044 1571 1104 1635 llos,
1128 1571 1191 1644 quia
1213 1572 1277 1627 inde
1302 1571 1406 1628 fructus
1428 1571 1490 1628 vitae
1511 1580 1622 1628 aeternre
1645 1572 1837 1644 provenitl'ro

1043 1678 1098 1716 me.
1115 1660 1184 1730 eria
1197 1661 1262 1715 milii
1278 1661 1389 1731 prodest
1405 1669 1495 1717 vestra
1517 1660 1683 1732 compassio.
1700 1661 1741 1716 Ne
1755 1669 1836 1716 autern

197 1764 230 1819 lu
245 1763 325 1820 dotuo
341 1766 436 1820 Patria
453 1767 509 1820 anci
523 1763 686 1821 rudustoues
700 1765 800 1819 multo>
815 1768 882 1819 suut
898 1763 991 1834 (loun.
1002 1751 1030 1812 Β
1043 1749 1200 1806 Videlssssiffl‘
1222 1750 1310 1820 aliqua
1331 1748 1402 1804 “¹⁸¹³
1424 1764 1506 1804 ⁰³¹¹S³
1539 1748 1723 1805 Ῐῦῖθῃῃῑῧῑὸὃθ
1746 1749 1835 1804 ΜΗ

197 1852 268 1922 xlv).
285 1853 363 1908 la'bro
376 1854 450 1909 vitta.
469 1853 675 1908 Praedcstiuatio
701 1853 727 1906 in
751 1869 803 1925 qua
827 1868 923 1907 omnes
939 1851 995 1905 sal-

197 1940 279 1997 vandi
293 1941 476 2010 predestinati
493 1950 564 1996 sunt.
581 1941 667 2011 Quasi
679 1941 793 2010 :Nolite
810 1957 826 1996 o
841 1940 996 2011 Philippen-

197 2043 253 2095 ses,
267 2029 387 2101 graviter
401 2031 474 2085 ferre
489 2031 561 2102 quod
583 2047 678 2087 omnes
702 2046 751 2087 ros
766 2030 793 2084 in
809 2028 923 2101 epistola
935 2045 996 2085 mea

198 2116 340 2189 sigillatim
362 2134 417 2174 non
439 2120 586 2191 nominari,
613 2120 675 2191 quia
695 2120 746 2175 etsi
771 2119 797 2173 in
815 2136 846 2175 ea
860 2134 914 2174 nou
929 2118 996 2174 estis

199 2205 302 2277 scripti,
320 2206 347 2261 in
363 2207 432 2262 libro
445 2217 536 2265 tamen
550 2208 612 2264 vitae
626 2208 811 2264 continemini.

234 2294 319 2349 Vnus.
337 2296 361 2349 l.
379 2327 413 2336 -
430 2296 562 2365 Gaudete,
586 2305 637 2352 etc.
655 2298 771 2352 Laetatus
787 2298 815 2351 in
830 2296 885 2353 side
900 2311 995 2351 eorum

199 2383 379 2454 stuporibus,
405 2386 552 2456 Apostolus
575 2395 604 2440 ιιι
625 2385 773 2442 alacriores
797 2387 860 2450 siut,
881 2393 954 2456 optat
968 2385 996 2439 in

197 2472 249 2528 hoc
272 2473 362 2528 studio
383 2474 554 2544 prolicientes
577 2475 696 2546 gaudere
719 2475 746 2528 in
768 2475 893 2542 Domino,
920 2482 947 2530 et
969 2474 995 2530 id

196 2560 283 2626 iterat,
300 2568 328 2616 ut
338 2578 367 2617 se
383 2563 411 2616 in
426 2562 465 2617 eis
480 2579 543 2619 vere
555 2565 675 2636 gaudere
690 2564 824 2619 ostendat.

235 2650 320 2704 Vens.
337 2653 362 2705 5.
373 2682 407 2692 —
421 2652 563 2709 Modestia.
581 2653 610 2707 ld
631 2660 673 2708 est
690 2659 780 2708 rectus
804 2652 912 2719 modus,
929 2659 958 2706 ut
969 2652 996 2706 in

198 2737 315 2793 Domino
334 2738 370 2792 sit
389 2755 469 2796 omne
488 2740 630 2813 gaudium,
656 2749 682 2795 et
700 2742 753 2796 hoc
776 2756 826 2811 per
845 2756 895 2795 vos
914 2738 995 2795 addi·

201 2834 280 2882 scaut
290 2827 346 2882 alii.
358 2827 408 2883 Vel
421 2829 559 2886 enodastr'u
568 2834 637 2885 uota
645 2831 682 2886 sit
692 2831 821 2886 omnibus
831 2827 956 2884 fidelibus
970 2836 997 2884 et

199 2912 366 2984 infidelibus
392 2925 421 2972 ut
439 2917 578 2972 imitentur
600 2934 634 2972 ue
657 2918 762 2987 possint
783 2918 994 2988 reprehendere.

199 3004 335 3060 Dominus
343 3021 428 3078 prope
439 3011 491 3071 cat,
503 3005 530 3060 id
540 3013 581 3061 ost
589 3016 701 3076 paratus
710 3006 774 3061 dare
785 3007 915 3077 quidquid
927 3022 996 3077 opus

199 3091 283 3146 estin
298 3092 484 3163 spiritualibus
497 3094 540 3149 vel
555 3094 762 3165 temporalibus.
777 3096 818 3151 De
828 3094 903 3149 nulla
918 3112 948 3149 re
963 3094 996 3149 si·

196 3179 231 3234 tia
244 3179 353 3236 solliciti
369 3189 396 3236 et
411 3181 506 3237 timidi.
525 3182 578 3239 Sed
593 3183 738 3254 petitiones
749 3184 791 3241 ‚de
804 3183 846 3237 liis
862 3200 921 3255 qliae
933 3183 995 3240 rul-

196 3265 230 3322 tis
243 3267 400 3338 impetrare.

231 3355 316 3411 vans.
334 3360 359 3412 6.
372 3359 465 3414 —Sad
480 3362 512 3415 a'u
527 3361 755 3417 omniorotiouc.
773 3360 866 3416 Oratio
882 3369 908 3416 ct
920 3361 997 3416 obse
1788 3416 1794 3427 .

769 3450 803 3504 de
819 3448 994 3520 quibuslibet,
1081 3422 1166 3476 Vens.
1184 3421 1269 3473 ιι-
1285 3420 1344 3476 Neu
1360 3421 1426 3492 quta
1436 3435 1537 3493 putero.
1554 3420 1656 3474 Datum
1672 3427 1716 3474 est
1730 3433 1775 3474 res
1787 3431 1834 3489 ιριι

195 3444 290 3512 oratic,
307 3447 486 3502 communiter
499 3464 551 3518 pro
566 3464 595 3502 se
615 3448 658 3504 rel
677 3448 747 3516 aliis,

195 3541 223 3588 at
237 3533 331 3604 petitio
346 3534 380 3590 de
399 3535 482 3591 rebus
503 3537 661 3592 nominatim
682 3537 845 3594 necessariis
859 3536 897 3591 fu.
913 3539 997 3594 lutuo-

197 3626 318 3679 tcscuut.
330 3623 394 3680 Haec
404 3624 501 3680 notitia
513 3625 672 3682 assiduitate
683 3626 722 3692 lit,
739 3636 766 3682 ct
779 3625 918 3698 vigilantia
931 3642 995 3681 ora-

120 3782 123 3786 ,
194 3709 286 3766 tionis.
303 3712 377 3768 'lunc
392 3714 501 3768 demum
524 3731 577 3786 pax
599 3716 716 3771 custodit
735 3716 819 3772 corda
834 3714 861 3769 iu
876 3714 994 3771 Christo.

196 3799 254 3855 lloc
267 3799 329 3856 ideo
344 3801 418 3869 dicit,
435 3803 496 3874 quia
511 3804 632 3875 quicum
651 3805 708 3859 Deo
724 3805 804 3858 babet
818 3820 924 3874 pacem,
941 3819 996 3858 non

195 3888 270 3943 timet
285 3898 404 3945 mentem
424 3892 577 3947 adversam.
600 3893 680 3965 apud
701 3895 800 3949 Deuca.
815 3892 865 3948 Vel
879 3891 994 3965 augelis,

197 3977 243 4048 qui
256 3978 314 4032 Deo
335 3994 382 4033 eas
404 3977 530 4034 offerunt.
548 3981 624 4037 Unde
641 3999 648 4035 ε
665 3982 732 4036 Cum
747 3981 873 4046 oraretis,
890 3980 995 4036 oratio·

196 4080 260 4120 nem
275 4075 396 4122 vestram
411 4066 494 4121 obtuli
514 4069 587 4139 apud
605 4071 702 4124 Deum.
720 4069 770 4125 Vel
793 4070 870 4124 nobis
887 4069 995 4125 innote-

196 4162 273 4209 scant
288 4154 360 4225 apud
373 4156 460 4210 Deum
480 4173 529 4227 per
549 4157 732 4223 tolerantiam,
750 4173 803 4212 nou
819 4158 890 4228 apud
905 4157 995 4213 homi-

195 4258 244 4297 nes
259 4258 308 4314 per
319 4243 487 4312 jactantiam.

231 4340 316 4397 Vsus.
333 4343 360 4396 7.
372 4372 407 4382 -
419 4343 455 4397 Et
466 4360 526 4415 poc
540 4345 600 4407 Dei,
627 4343 653 4397 id
680 4352 721 4399 est
735 4345 809 4399 Deus
825 4344 871 4415 qui
886 4353 928 4399 est
941 4359 995 4415 pax

193 4445 309 4496 summa,
320 4447 382 4502 quae
395 4440 447 4486 nec
460 4431 575 4503 cogitari
596 4441 694 4502 potest,
720 4441 746 4488 et
761 4432 822 4488 ideo
841 4442 916 4488 extra
931 4448 994 4489 cum

192 4518 267 4574 nullo
277 4535 346 4590 opus
359 4528 409 4575 est.
424 4522 586 4593 licaupcrut
596 4538 707 4577 omnem
719 4521 992 4589 seusam.Nostrum‚

194 4622 249 4661 uon
274 4623 369 4662 eorum
392 4609 436 4680 qui
457 4626 567 4682 semper
591 4610 682 4665 rident
705 4609 803 4666 faciem
828 4610 924 4664 Patris.
945 4608 995 4665 Vel

193 4709 247 4765 pax
263 4712 314 4767 qua
329 4696 388 4766 ipse
403 4699 477 4753 Deus
491 4706 605 4769 pacatus
616 4706 666 4765 est,
679 4702 796 4772 ruperat
809 4715 921 4754 omnem
931 4715 995 4754 scu·

195 4792 380 4853 sum:proetcr
391 4802 479 4852 suum,
487 4787 549 4859 quia
560 4803 611 4845 nec
625 4803 675 4842 nos
691 4788 730 4844 sic
746 4803 891 4858 possumus
902 4804 993 4853 nosse,

196 4887 248 4927 nec
263 4871 311 4926 ulli
325 4873 426 4946 angeli.

232 4968 317 5023 Vens.
335 4975 360 5023 8.
372 4972 452 5026 -ltc
461 4975 571 5039 cetero,
584 4973 700 5043 scutras,
712 4979 764 5028 etc.
776 4973 913 5029 Hactenus
928 4987 995 5029 con-

195 5061 234 5107 tra
249 5066 440 5125 persecutores
460 5067 487 5114 et
510 5069 603 5114 contra
618 5061 918 5133 pseudopraedicatores
932 5076 995 5116 mo-

196 5142 262 5196 nuit.
280 5144 320 5198 De
335 5155 435 5201 caetero
451 5155 540 5203 autem
563 5149 589 5202 in
604 5149 789 5209 conclusione.
807 5167 868 5222 quae
881 5150 914 5204 ad
929 5167 996 5221 per-

196 5229 340 5287 lectionem
356 5243 418 5291 sunt
433 5237 552 5306 exponit.
579 5237 754 5311 Quercuuquc
771 5242 856 5302 iusto.
874 5239 946 5294 lstud
962 5239 995 5293 ad

196 5320 361 5391 proximum.
379 5323 493 5390 Sancta,
514 5325 541 5379 in
560 5326 670 5396 propria
682 5326 750 5394 vita;
766 5337 792 5381 et
808 5336 836 5382 ut
847 5327 936 5382 minus
952 5327 996 5381 di-

196 5417 281 5475 catur,
290 5427 461 5485 quecunque
470 5418 539 5469 auat
548 5415 727 5479 orraubt’la'a,id
743 5416 888 5477 est,amari
899 5417 994 5489 digna,

1044 1837 1123 1894 modo
1133 1838 1311 1906 refloruistis,
1329 1838 1378 1894 sed
1393 1846 1454 1893 ante
1469 1838 1565 1894 erratis
1578 1836 1706 1909 occupati
1720 1844 1748 1893 et
1760 1836 1836 1909 impe

1044 1926 1091 1984 diti
1102 1926 1238 1999 aliquibus
1253 1927 1385 1982 adversis.

1083 2041 1166 2096 Vana.
1184 2044 1226 2095 ll.
1243 2073 1277 2081 —
1292 2043 1351 2097 llon
1367 2043 1457 2114 quusi.
1468 2041 1529 2096 Non
1544 2048 1657 2113 propter
1668 2056 1709 2103 se.
1721 2040 1769 2097 sed
1781 2056 1834 2113 pre

1045 2129 1143 2185 lectum
1159 2145 1253 2186 eorum
1268 2130 1377 2203 gairdet.

1081 2244 1165 2299 Vnus.
1178 2247 1220 2299 ta.
1232 2244 1337 2300 -Scio
1354 2248 1383 2298 ct
1398 2243 1556 2300 ltuuutinri.
1583 2242 1638 2312 Qui
1661 2242 1776 2314 penuria
1788 2258 1834 2299 nor

1045 2331 1186 2403 frangitur,
1204 2348 1219 2385 a
1242 2333 1393 2402 gratiarum
1417 2331 1522 2388 actione
1540 2347 1595 2387 non
1619 2331 1771 2388 retrahitur.
1790 2329 1834 2400 Qui

1045 2436 1136 2474 rerum
1157 2420 1342 2491 temporalium
1363 2420 1499 2475 desiderio
1522 2436 1576 2475 nou
1598 2419 1771 2486 accenditur,
1793 2418 1833 2475 scit

1045 2507 1188 2575 humiliari,
1205 2508 1283 2564 idest
1297 2509 1417 2580 inopiam
1435 2508 1499 2580 pati.
1525 2509 1686 2565 Abrcudnrc.
1699 2506 1752 2576 Qui
1765 2523 1833 2565 acce·

1045 2597 1097 2668 ptis
1112 2598 1193 2652 rebus
1209 2612 1262 2652 non
1276 2597 1420 2665 extollitur,
1438 2597 1482 2669 qui
1493 2612 1538 2652 eas
1552 2598 1586 2651 ad
1602 2613 1685 2651 usum
1699 2612 1774 2653 rana
1785 2595 1834 2670 glo·

1045 2685 1091 2741 riae
1101 2702 1155 2740 non
1172 2686 1318 2758 intorquet,
1333 2684 1378 2758 qui
1394 2685 1468 2741 solus
1493 2700 1547 2740 nou
1567 2684 1695 2756 possidet
1711 2684 1781 2757 quod
1793 2700 1832 2740 ac·

1045 2773 1126 2845 cepit,
1151 2774 1198 2830 sed
1223 2789 1284 2829 cum
1305 2772 1488 2847 indigentibus
1511 2772 1724 2829 misericorditer
1737 2770 1833 2838 diuidit,

1045 2861 1097 2918 scit
1110 2862 1258 2917 abundare.
1275 2861 1327 2931 Qui
1343 2862 1463 2935 acceptis
1476 2861 1614 2917 alimentis
1629 2876 1686 2917 nou
1700 2861 1735 2916 ad
1749 2860 1832 2934 ingur-

1046 2942 1201 3022 gitationem
1216 2950 1327 3017 ventris,
1349 2966 1399 3005 nec
1422 2950 1483 3021 plus
1498 2949 1572 3006 carni
1588 2949 1683 3004 tribuit
1699 2965 1779 3022 quam
1793 2964 1833 3003 ue

1047 3039 1160 3094 cessitas
1171 3039 1246 3111 petit,
1264 3039 1313 3093 scit
1329 3038 1430 3092 satiari.
1452 3038 1504 3107 Qui
1519 3037 1714 3093 alimentorum
1729 3036 1833 3109 inopiam

1010 3109 1104 3182 Csine
1120 3127 1328 3182 murmuratione
1343 3127 1445 3192 tolerat,
1473 3142 1523 3182 nec
1543 3143 1592 3197 pro
1608 3126 1772 3182 necessitate
1784 3125 1832 3181 ric·

1046 3224 1087 3270 tus
1103 3216 1160 3288 agit
1173 3215 1284 3287 aliquid,
1297 3216 1368 3270 unde
1384 3215 1473 3270 anima
1485 3215 1591 3286 peccati
1611 3215 1740 3288 laqueum
1753 3214 1833 3271 incur·

1046 3312 1094 3367 rat,
1112 3304 1160 3359 scit
1177 3303 1289 3358 esurire.

1046 3526 1107 3580 quae
1122 3509 1208 3575 datur,
1236 3517 1264 3562 ιιι
1290 3524 1396 3574 munus,
1422 3507 1508 3571 rilurs,
1533 3516 1614 3578 potus
1635 3515 1663 3563 et
1684 3504 1833 3578 huiuamodi.

1046 3598 1157 3653 Fructus
1172 3605 1261 3653 arrtcm
1276 3612 1359 3669 opera
1374 3595 1454 3661 bona,
1471 3604 1498 3651 et
1512 3595 1724 3652 rectaroluntas
1734 3593 1830 3652 datoris.

1044 3685 1122 3741 Unde
1137 3684 1269 3740 Dominus
1286 3685 1313 3739 in
1329 3685 1477 3757 Evangelio
1493 3700 1547 3740 non
1562 3684 1600 3738 ait
1610 3683 1785 3755 simpliciter:
1796 3682 1836 3751 Qut

1044 3776 1147 3847 recipit
1155 3776 1269 3845 justum
1283 3775 1325 3829 uel
1350 3774 1524 3846 prophetam,
1547 3772 1598 3828 sed
1610 3771 1717 3827 addidit
1733 3787 1739 3827 :
1754 3773 1785 3826 a'a
1798 3786 1835 3827 au

1045 3865 1121 3918 raiae
1128 3862 1201 3933 justi
1215 3862 1258 3918 aar
1270 3862 1421 3936 propbeta.
1440 3861 1581 3932 Suscipere
1597 3859 1671 3915 enim
1689 3859 1834 3932 propheten

1044 3951 1211 4019 salicetum,
1228 3951 1318 4005 datum
1334 3957 1383 4005 est.
1399 3951 1428 4003 ln
1448 3951 1556 4005 nomine
1568 3949 1636 4019 justi
1650 3949 1698 4005 vel
1711 3948 1836 4023 propbeta

1045 4040 1096 4094 hoc
1111 4038 1210 4105 lacere,
1227 4038 1330 4094 tructus
1344 4047 1395 4093 cst.
1410 4038 1497 4092 Ellam
1518 4038 1626 4109 pavisse
1641 4037 1773 4112 leguntur
1784 4052 1836 4094 ccr-

1045 4145 1096 4183 vus
1110 4136 1136 4183 et
1151 4127 1243 4182 uidua.
1260 4126 1313 4183 Sed
1326 4143 1376 4198 per
1390 4141 1501 4182 corvum
1516 4125 1561 4199 qui
1575 4141 1630 4182 non
1647 4126 1762 4183 nornine
1774 4123 1835 4197 justi,

1046 4216 1107 4271 dato
1131 4216 1304 4287 pascebatur,
1331 4231 1381 4286 per
1402 4215 1518 4280 viduam,
1543 4213 1638 4281 fructu,
1666 4215 1731 4286 ‹puia
1746 4213 1837 4270 sciebat

1046 4304 1118 4376 quod
1138 4304 1275 4358 hominem
1300 4303 1350 4358 Dei
1373 4312 1508 4374 pasceret.
1528 4303 1581 4358 Sed
1597 4305 1744 4375 fructum.
1764 4302 1794 4358 ld
1807 4304 1838 4357 eal

1045 4393 1145 4448 bonam
1163 4401 1189 4448 et
1212 4402 1313 4447 rectam
1335 4392 1499 4448 voluntatem
1519 4391 1599 4447 bonae
1623 4390 1779 4463 operationi
1796 4388 1835 4445 ad-

1003 4466 1030 4527 D
1043 4482 1173 4551 junctam.
1191 4482 1252 4536 Non
1267 4481 1339 4536 enim
1355 4489 1411 4535 tam
1426 4480 1524 4555 gaudet
1540 4479 1708 4535 subventum
1719 4494 1781 4535 esse
1796 4491 1839 4533 suc

1044 4569 1208 4637 necessitati,
1233 4585 1315 4640 quam
1336 4568 1443 4623 illorum
1464 4567 1668 4641 congratulatur
1682 4564 1836 4624 fecunditati·

1081 4677 1165 4730 Vnus.
1184 4679 1225 4730 18.
1243 4676 1323 4730 -la
1343 4675 1465 4731 odorem.
1486 4674 1552 4744 Quae
1566 4673 1652 4728 missa
1668 4682 1731 4730 sunt
1745 4690 1761 4728 a
1773 4670 1839 4729 robis

1045 4764 1152 4836 placent
1161 4766 1219 4819 Deo
1235 4771 1263 4818 ut
1277 4763 1344 4818 odor
1359 4761 1545 4817 salacissimus.
1558 4762 1759 4832 Comparantur
1771 4760 1839 4817 edan

1045 4852 1159 4908 orationi
1174 4869 1234 4924 qum
1250 4860 1291 4907 est
1306 4851 1448 4907 incensum
1466 4850 1526 4905 Dei.
1544 4850 1621 4906 Unde
1637 4850 1741 4906 dicitur
1756 4868 1763 4904 ι
1778 4850 1837 4905 cau

1046 4942 1266 5013 eleemosynam,
1291 4944 1320 4995 et
1344 4955 1405 4995 cccc
1430 4940 1526 4995 circuio
1547 4938 1659 4996 maudo
1685 4942 1756 4995 aaut
1775 4935 1837 4994 aaa

1046 5029 1123 5101 (Luc.
1142 5031 1205 5098 xil.

1083 5146 1166 5200 Vsus.
1185 5147 1228 5199 aa.
1244 5174 1279 5182 -
1291 5145 1408 5216 impleut
1423 5159 1504 5200 auratac
1519 5142 1695 5199 drotwinus
1710 5145 1832 5199 cestrum.

1046 5235 1106 5288 Non
1122 5233 1148 5287 in
1163 5232 1287 5299 terrenis,
1300 5233 1349 5289 sad
1365 5233 1392 5287 iu
1408 5231 1504 5303 gloria.
1517 5231 1564 5285 Vel
1580 5230 1670 5302 gloria
1684 5229 1783 5286 Cbristi
1795 5227 1835 5282 in·

1046 5322 1154 5393 plentur
1177 5321 1313 5376 desideria
1334 5328 1497 5387 sanctorum,
1519 5327 1547 5373 ut
1567 5319 1626 5389 ipsc
1642 5318 1769 5375 Christus
1782 5312 1834 5371 inde

1047 5411 1082 5465 sit
1098 5410 1243 5485 gloriosus
