3772 6112
108 245 161 298 305
572 243 707 303 Gnosst
726 244 930 304 ostentante.
951 272 986 288 -
1003 247 1136 307 EVANG.
1159 250 1234 308 Luc.
1714 263 1766 316 306

151 367 241 422 Vnus.
258 369 303 424 25.
320 397 354 409 -·
372 370 441 426 Cum
452 373 559 437 eutem,
577 378 629 427 etc.
644 369 840 426 Paterfamilias
848 369 957 431 Chri-A
969 373 1042 443 quod
1058 381 1099 429 est
1113 374 1249 447 Ecclesia,
1266 392 1321 448 qua
1349 379 1377 432 iu
1391 379 1435 435 die
1459 383 1687 439 resurrectionnis
1702 383 1767 456 glo·

117 463 187 525 stus,
205 471 269 511 cum
283 456 384 530 ubique
398 474 431 513 ex
457 457 603 514 Divinitate
632 459 675 525 sit,
691 458 745 514 illis
765 460 822 528 jam
845 459 918 515 intus
967 460 1101 518 ridentem
1117 464 1152 519 ud
1166 465 1333 521 consortium
1349 468 1511 538 angelorum
1526 471 1686 541 perducam.

116 559 180 601 esse
194 544 304 612 dicitnr,
321 561 390 618 quos
405 545 512 602 incaelo
530 562 652 617 praesens
670 563 719 602 sua
728 544 832 604 visione
848 546 918 602 laeti-
1004 550 1089 606 Vnus.
1106 555 1150 608 33.
1167 582 1202 592 -
1222 556 1428 612 Verumtemem
1441 563 1559 630 eportet.
1588 560 1651 615 Non
1665 561 1765 631 peterit

117 631 192 703 licat,
205 634 256 691 sed
271 634 348 706 quasi
363 634 431 690 loris
444 642 487 690 est
500 635 543 690 his
558 652 627 708 quos
642 635 669 690 in
684 636 735 692 baa
753 637 918 710 peregrina·
967 639 1129 708 perturbare
1152 640 1276 697 Herodes
1291 643 1356 714 quin
1379 645 1416 699 ita
1437 660 1519 718 agam
1534 655 1560 702 ct
1590 646 1627 702 ita
1641 662 1765 704 consum·

116 721 192 778 done
206 730 344 779 certantes
368 722 490 780 occultus
503 724 622 793 adjuvat.
641 724 754 779 intrabit
775 740 841 796 ergo
856 739 919 781 cum
967 741 1037 795 mar,
1049 728 1098 783 sed
1108 744 1159 784 nac
1173 739 1290 785 mortem
1305 733 1430 803 eorporis
1444 734 1499 789 mci
1522 735 1622 805 poterit
1642 737 1762 808 operari,

117 818 204 866 totam
219 811 374 868 Ecclesiam
390 812 424 867 ad
449 812 490 867 sui
505 813 761 884 contemplationem
777 815 916 884 perducet.
968 831 1049 885 quum
1063 816 1091 870 iu
1103 816 1254 873 Jerusalem
1275 828 1382 890 oportet
1410 821 1480 891 fieri,
1510 823 1556 878 ubi
1571 839 1627 879 nou
1640 823 1699 895 ipse
1715 825 1765 882 sed

117 898 233 956 Claudat
248 901 357 967 ostium,
370 916 432 956 cum
442 901 566 973 reprobis
577 901 667 957 locum
681 902 846 972 paenitentiae
867 903 918 960 tol·
967 902 1068 958 Pilatus
1083 904 1249 962 dominatur.
1266 908 1349 963 Hodie
1363 913 1391 964 et
1406 927 1479 980 eres,
1503 919 1556 967 etc.
1586 911 1678 968 Prima
1692 913 1762 983 dies,

117 989 163 1050 let,
181 989 229 1060 qui
243 987 310 1044 soris
338 996 443 1044 stantes
470 989 624 1061 pulsabunt,
655 991 682 1045 id
704 998 769 1046 esta
776 991 855 1059 justis
871 1007 918 1047 se·
968 1000 1009 1045 est
1024 1009 1073 1062 per
1088 994 1136 1047 Dei
1166 994 1282 1067 gratiam
1304 996 1496 1054 abrenuntiare
1517 1000 1693 1056 vanitatibus
1711 1001 1763 1058 Se·

119 1077 238 1150 gregati,
252 1077 468 1133 misericordiam
491 1094 572 1150 quam
586 1087 806 1151 contempserunt
816 1079 919 1137 frustra
968 1081 1066 1150 cunda,
1090 1083 1259 1138 concordare
1276 1085 1516 1142 veritatimoribus
1532 1096 1559 1144 et
1574 1089 1638 1144 vita.
1659 1090 1761 1159 Tertia,

119 1161 315 1232 implorabunt.
333 1163 478 1235 decipietis
503 1165 574 1235 foris
598 1168 684 1220 stare.
702 1164 783 1219 bludo
797 1171 918 1236 tempore
968 1178 1009 1224 est
1017 1169 1111 1224 ultima
1121 1170 1294 1242 glorificatio.

120 1249 315 1305 misericordias
345 1250 509 1318 coutendite,
539 1251 604 1323 quia
629 1259 750 1324 tempore
768 1253 864 1321 jndicii
878 1270 919 1309 re·
976 1335 978 1339 .
1003 1257 1088 1312 Vnus.
1101 1261 1144 1313 34.
1160 1290 1195 1300 -
1209 1262 1376 1328 Jerusalem,
1393 1271 1444 1318 ete.
1476 1263 1528 1319 Ubi
1542 1265 1682 1336 propbetas
1695 1265 1760 1337 mei,

121 1337 215 1410 probis
231 1338 333 1394 tollitur
347 1338 425 1394 locus
441 1339 617 1410 poenitentiae,
643 1341 689 1412 qui
710 1355 782 1398 nune
802 1342 920 1413 aperitur
967 1343 1005 1400 ibi
1020 1361 1073 1418 ego
1086 1354 1168 1418 caput
1182 1350 1377 1419 prophetarum
1387 1350 1476 1406 debeo
1484 1351 1628 1421 immolari,
1644 1367 1694 1423 pro
1708 1367 1763 1425 quo

122 1426 227 1483 cunctis
242 1427 288 1499 pie
298 1427 491 1500 quaerentibus.
967 1442 1082 1506 peccato
1094 1436 1167 1504 juste
1181 1437 1241 1508 ipsa
1257 1437 1423 1508 destruetur,
1457 1440 1501 1497 cui
1523 1440 1701 1496 destructioni
1716 1455 1764 1498 eo-

153 1553 252 1610 Nescie
266 1569 323 1612 uos.
337 1553 399 1610 Nou
427 1554 502 1609 novit
522 1554 567 1610 lux
591 1553 728 1620 tenebras,
752 1554 781 1610 id
809 1563 919 1613 estnon
968 1538 1030 1576 mm
1044 1531 1113 1579 ⁵¹⁰¹¹⁸
1128 1541 1189 1595 ΡΜ
1204 1533 1283 1596 pater
1306 1526 1449 1583 ⁰⁰¹¹d⁰¹⁶⁰·
1476 1528 1587 1597 Qum
1605 1529 1682 1586 ”mi
1698 1545 1765 1587 Μ’

124 1641 227 1714 aspicit,
245 1641 319 1713 quia,
337 1643 361 1697 si
371 1642 515 1715 aspicem,
527 1643 645 1700 tenebrae
658 1659 714 1698 non
723 1651 825 1699 essem.
968 1626 1092 1683 prepare.
1109 1615 1148 1669 Ac
1163 1613 1185 1667 si
1201 1614 1290 1713 ‘fimf
1312 1614 1373 1689 Ego
1400 1616 1473 1672 volui
1503 1625 1530 1673 et
1543 1625 1571 1672 tu
1586 1617 1697 1673 noluisti
1713 1634 1720 1673 τ
1737 1625 1765 1718 et

915 1724 943 1785 Β
970 1706 1102 1771 quotquot
1116 1716 1283 1775 congregavi
1298 1719 1359 1759 mea
1369 1704 1507 1760 voluntate
1522 1722 1632 1777 semper
1646 1705 1762 1776 efficaci,

153 1782 239 1839 Vnus.
255 1787 301 1841 26.
317 1813 353 1826 ·-
369 1783 605 1850 llaadueem'mus,
622 1791 673 1839 etc.
704 1783 766 1840 Non
782 1783 914 1840 festivita·
966 1793 992 1842 te
1007 1788 1115 1844 nolente
1138 1789 1200 1855 leci,
1217 1790 1281 1862 qnia
1303 1792 1412 1865 ingrata
1438 1809 1548 1864 semper
1566 1793 1650 1850 luisti.
1675 1796 1763 1852 filios

122 1880 174 1926 tnm
190 1870 313 1943 epulatio
325 1873 410 1941 jurat,
425 1888 485 1945 quae
493 1871 557 1927 fidei
566 1873 654 1943 pietas
663 1888 718 1928 non
731 1874 913 1929 commendat.
967 1879 1039 1932 taos.
1051 1877 1081 1931 ln
1095 1876 1148 1934 hoc
1162 1878 1236 1949 quod
1259 1879 1324 1935 dicit
1341 1897 1347 1935 :
1370 1881 1481 1948 thties
1500 1883 1576 1938 celui
1591 1897 1761 1955 congregare

123 1959 180 2015 Non
195 1961 310 2016 scientia
328 1959 530 2032 Scripturarum
557 1968 649 2016 uotum
673 1963 731 2017 Deo
745 1960 817 2030 lacit,
836 1978 917 2035 quem
965 1965 1122 2035 filicetum,
1139 1974 1202 2036 etc,
1220 1982 1315 2025 amnes
1327 1977 1401 2025 retro
1419 1971 1595 2041 prophetase
1609 1987 1639 2026 se
1663 1970 1763 2028 missas

125 2063 233 2120 eperum
249 2049 379 2121 iniquitas
393 2049 536 2123 indignum
562 2050 689 2105 ostendit.
707 2051 757 2106 Vel
771 2051 805 2106 de
819 2050 920 2106 Judaeis
966 2059 1090 2108 testatur.
1123 2054 1360 2123 Quemadmodum
1396 2059 1464 2127 aab,
1493 2066 1547 2115 etc.
1571 2059 1689 2115 Pulchre
1717 2058 1765 2133 qui

124 2136 284 2208 simpliciter
297 2137 502 2211 intelligendum
512 2146 562 2204 est,
579 2138 624 2210 qui
643 2147 801 2209 respuentes
816 2146 920 2210 myste-
967 2141 1104 2197 Herodem
1119 2142 1153 2198 de
1168 2160 1218 2199 sua
1231 2161 1300 2201 nece
1310 2153 1472 2202 tractantem
1486 2147 1596 2219 uulpem
1607 2155 1762 2217 vocaverat,

124 2226 161 2281 ria
176 2224 252 2294 fidei,
269 2234 362 2299 gratos
376 2242 406 2282 se
422 2228 479 2283 Deo
503 2227 678 2297 arbitrantur,
694 2228 766 2300 quod
782 2228 920 2300 intemplo
967 2245 998 2285 se
1013 2228 1057 2285 avi
1071 2239 1222 2302 comparat,
1254 2234 1318 2304 quia
1336 2234 1510 2291 fraudulenta
1529 2237 1625 2308 vulpes
1654 2251 1765 2308 semper

123 2314 234 2370 rictirnis
248 2315 346 2371 oblatis
370 2330 461 2370 corum
490 2314 606 2372 Domino
630 2317 781 2387 epulantur,
823 2325 849 2372 et
868 2316 923 2373 lec·
967 2317 1064 2372 atibus
1079 2318 1192 2374 iusidias
1207 2321 1302 2376 tendit.

126 2404 227 2459 tionem
242 2404 442 2475 prophetarum
457 2404 618 2460 auscultant.
634 2403 827 2476 Velmystice:
842 2406 920 2460 blan-
1002 2407 1087 2463 Vsus.
1104 2409 1148 2462 35.
1165 2438 1200 2448 -
1214 2411 1318 2466 Demea
1336 2415 1440 2468 vestre.
1452 2411 1594 2482 Templum
1605 2412 1649 2469 vel
1660 2413 1758 2470 civitas

125 2490 202 2548 ducet
216 2507 313 2548 coram
337 2493 454 2550 Domino
476 2500 503 2549 et
531 2493 608 2560 bibit,
624 2494 670 2564 qui
684 2494 760 2550 verbi
789 2494 918 2566 pabulum
966 2493 1039 2565 quia,
1057 2495 1285 2566 occisoDomino,
1303 2498 1419 2554 ltomani
1433 2501 1512 2572 quasi
1531 2515 1649 2557 vacuum
1667 2502 1763 2557 nidum

125 2580 197 2636 mide
212 2581 337 2653 suscipit.
966 2582 1136 2654 diripientes,
1153 2585 1369 2642 tuleruntlocum
1387 2595 1414 2643 et
1429 2596 1548 2661 gentem.
1564 2589 1764 2652 Naevidebitis

965 2687 1020 2738 me,
1037 2680 1090 2728 etc.
1106 2672 1165 2729 Nisi
1179 2674 1366 2745 paenitentiam
1395 2676 1507 2748 egeritis
1531 2685 1558 2733 et
1572 2676 1691 2735 confessi
1704 2676 1765 2735 lue-

965 2759 1025 2814 ritis
1039 2777 1084 2816 me
1100 2760 1197 2817 Filium
1213 2764 1406 2836 omnipotentis
1420 2765 1519 2832 Patris,
1537 2765 1566 2821 in
1580 2766 1702 2823 secundo
1716 2767 1764 2824 ud-

965 2855 1048 2903 ventu
1063 2848 1160 2905 faciem
1175 2868 1263 2907 meam
1278 2868 1333 2907 non
1349 2853 1485 2909 videbitis.
1499 2855 1569 2910 Cam
1582 2855 1692 2922 dicetis,
1709 2863 1763 2912 ete.

965 2936 1024 2992 Hoc
1039 2937 1149 3009 quidem
1165 2941 1252 2996 turbae
1261 2941 1388 2997 dixerunt
1403 2942 1519 2998 Domino
1535 2943 1660 2999 veniente
1674 2943 1703 2998 iu
1716 2944 1764 2999 Je-

966 3025 1096 3083 rusalem.
1115 3027 1169 3083 Sed
1180 3029 1243 3099 quia
1258 3030 1345 3086 Lucus
1356 3046 1411 3085 uon
1425 3030 1491 3086 dicit
1499 3030 1645 3086 Dominum
1658 3031 1694 3086 ad
1709 3030 1765 3088 Ga·

965 3111 1051 3169 lilaecs
1066 3124 1163 3186 postea
1186 3133 1339 3185 reuersum,
1359 3125 1389 3174 ut
1402 3119 1437 3175 ab
1457 3118 1573 3176 illishoc
1587 3119 1612 3174 ei
1627 3120 1762 3176 decanta-

964 3208 1047 3268 retur,
1072 3203 1146 3277 cogit
1168 3205 1345 3277 mysticeboc
1368 3208 1402 3263 de
1426 3207 1544 3265 adventu
1565 3207 1695 3265 claritatis
1712 3207 1756 3265 in-

153 3301 240 3358 Vsns.
257 3303 304 3358 28.
315 3301 399 3357 -ltt
414 3302 469 3358 erit
482 3301 575 3370 fletus,
586 3306 637 3356 etc.
654 3298 745 3355 Fletus
758 3298 793 3355 de
806 3298 912 3366 ardore,
964 3289 1058 3362 ‘effidb

123 3387 221 3446 abider
241 3388 365 3444 dentium
392 3388 426 3444 de
445 3388 547 3461 frigore
569 3389 639 3444 solet
662 3387 781 3456 excitari,
792 3387 856 3460 quia
877 3387 915 3444 ibi
1256 3435 1370 3494 CAPUT
1383 3437 1448 3492 XIV

122 3479 275 3536 uersibunt
288 3478 324 3534 ub
338 3478 416 3550 aquis
429 3477 530 3533 nivium
545 3477 580 3532 ad
595 3476 713 3533 calorem
726 3475 848 3531 nimium.
865 3475 915 3532 Vel
1451 3479 1457 3491 ‘

123 3566 496 3639 stridorproditindignantis
510 3564 644 3631 affectum,
657 3566 730 3664 quod
753 3564 914 3636 serapteni-
1000 3591 1035 3644 gg
1044 3591 1155 3660 sactum
1174 3590 1227 3653 m,
1244 3594 1296 3642 ego,
1316 3577 1418 3660 Ὗδωρν
1435 3602 1516 3658 aqua,
1540 3588 1604 3644 jude
1619 3588 1760 3662 hydropis,

122 3662 161 3725 Ἦν
177 3656 257 3730 q¹¹⁰d
268 3654 381 3727 deliqust
409 3655 590 3725 Pffimstes·
616 3653 665 3709 vel
681 3654 833 3709 melum
848 3654 914 3708 ‘¹⁰¹¹‘
964 3677 1077 3734 morbus
1087 3690 1208 3747 aquosus
1223 3675 1418 3745 subcutaneus,
1435 3676 1469 3730 de
1494 3675 1559 3732 vitio
1573 3676 1672 3734 vesicae
1685 3686 1767 3734 natus

123 3744 198 3812 ‘ibus’
216 3744 266 3817 ‘1¹¹5
276 3743 321 3801 ¹¹5⁶
335 3743 510 3816 ‘leem-⁸³¹⁹
524 3743 692 3815 gaudebunt·
714 3743 829 3799 Flebum
844 3742 916 3798 ⁰⁰¹¹fi
965 3782 1028 3824 cum
1056 3763 1195 3819 inflatione
1220 3770 1347 3835 turgente
1375 3771 1401 3818 et
1423 3763 1543 3818 unbclitu
1562 3762 1655 3821 fetido.
1671 3766 1705 3820 Et
1719 3774 1763 3823 est

122 3835 159 3905 lui
174 3834 222 3891 hic
232 3849 284 3905 ΡΘΓ
297 3833 531 3902 ⁰⁰⁰⁰¹¹l³5⁸00¹¹2i³³
546 3832 724 3904 Vflglbffllffll·
741 3833 775 3887 Εῑ
789 3838 916 3902 mille?
966 3853 1108 3928 preprium
1131 3849 1284 3923 hydropici,
1301 3859 1403 3923 quanto
1424 3851 1486 3922 plus
1513 3851 1590 3920 bibit,
1606 3860 1680 3907 tauto
1703 3853 1766 3925 plus

121 3920 210 3981 fletum
225 3922 275 3996 (1¹¹i
289 3930 331 3978 ‘³⁸¹
345 3921 495 3986 ⁰⁰u¹⁰s¹¹mv
508 3929 535 3976 θῑ
549 3920 694 3976 ⁵¹sid⁰s⁰¹¹¹
718 3919 849 3987 dentium·
865 3935 915 3976 ve·
964 3943 1027 4009 sitit,
1040 3940 1141 3997 etideo
1155 3948 1330 4011 comparatur
1359 3939 1384 3994 ei
1403 3956 1485 4012 quem
1502 3939 1593 3995 fluxus
1608 3940 1760 3997 carnalium

119 4027 172 4070 mm
186 4011 339 4084 impiorum
353 4009 586 4066 ¹⁸⁸⁰ff⁰⁰¹i⁰¹¹⁰m·
966 4031 1136 4102 voluptatum
1151 4027 1305 4083 exuberans
1320 4036 1462 4101 aggravat,
1479 4036 1708 4103 comparaturque
1723 4029 1765 4086 di·

966 4119 1114 4176 vitiatam.

1001 4208 1088 4263 Vnus.
1105 4209 1131 4261 3.
1143 4236 1178 4247 -
1192 4205 1223 4260 Si
1234 4205 1309 4275 lieet,
1327 4212 1379 4262 etc.
1391 4204 1517 4261 Sabbatis
1531 4205 1670 4279 praecipue
1686 4206 1767 4263 docet

968 4303 994 4352 et
1009 4302 1139 4366 operatur
1153 4295 1243 4364 Jesus,
1256 4309 1312 4348 non
1322 4294 1410 4350 solum
1425 4301 1538 4366 propter
1553 4294 1693 4365 spirituale
1703 4294 1767 4350 sab-

970 4384 1074 4450 batum,
1091 4382 1140 4438 sed
1155 4390 1182 4437 et
1195 4389 1307 4453 propter
1333 4381 1427 4453 populi
1441 4381 1622 4438 celebriorem
1643 4397 1765 4439 conven-

972 4480 1039 4538 tum,
1053 4487 1179 4544 quaereus
1194 4470 1310 4526 salutem
1325 4469 1454 4527 omnium.

1007 4561 1093 4616 Vens.
1111 4560 1137 4614 l.
1154 4589 1189 4600 -
1203 4559 1466 4614 dtillitoeuertmt.
1489 4556 1586 4613 Merito
1610 4564 1707 4625 tacent,
1719 4558 1766 4631 qui

155 2714 385 2787 tapinomata.
416 2712 555 2785 Scriptura
574 2714 601 2768 in
623 2714 825 2771 obscurioribus
840 2714 916 2772 cibus

125 2810 169 2871 est,
181 2803 248 2876 quia
258 2802 338 2875 quasi
351 2802 512 2874 exponendo
526 2802 665 2876 frangitur,
683 2811 710 2859 et
727 2804 917 2860 manducando

125 2890 242 2964 glutitur.
255 2891 340 2948 Pctus
354 2890 425 2946 enim
445 2891 473 2946 in
495 2891 685 2962 apertioribus,
710 2891 757 2946 ubi
771 2892 809 2948 ita
819 2893 915 2948 absor-

126 2979 198 3036 betur
224 2978 296 3035 sicut
320 2979 465 3036 inuenitur.
493 2981 526 3036 Et
549 2978 654 3036 occulta
672 2977 754 3053 ergu'
768 2988 795 3035 et
821 2989 918 3053 aperta

125 3084 150 3124 se
163 3068 334 3124 intellexisse
341 3075 483 3138 testantur,
500 3068 546 3140 qui
559 3068 722 3141 reprobante
732 3068 832 3139 judice,
843 3070 951 3146 quode

123 3158 348 3215 manducaverunt
363 3165 574 3229 conqueruntur.

147 4157 241 4213 tans
259 4156 304 4210 29.
314 4183 349 4194 -
363 4156 398 4209 st
410 4153 535 4209 venient.
547 4150 623 4208 Multi
635 4150 713 4223 prius
723 4149 858 4208 ferventes
868 4166 918 4222 po·

112 4251 173 4301 atea
191 4249 312 4315 turpent.
327 4240 402 4296 blulti
428 4240 505 4312 prius
525 4239 626 4314 frigidi,
649 4239 737 4294 subito
759 4238 915 4294 ardescunt.

112 4330 193 4390 nutu
207 4332 238 4386 in
251 4329 354 4387 saeculo
368 4329 499 4400 despecti,
511 4329 540 4383 in
554 4328 644 4384 lutura
655 4336 718 4383 sunt
733 4326 915 4400 glorificandi.

111 4417 165 4478 Vel
179 4419 311 4493 gentiles,
341 4417 443 4490 quidiu
461 4417 519 4472 sine
541 4416 593 4473 fide
622 4416 755 4483 tinemut,
780 4417 813 4471 ud
835 4414 959 4502 sidemD

111 4507 320 4574 contionandi,
333 4506 419 4563 Judaei
429 4505 600 4562 exsecrandi.

150 4653 242 4708 Vnus.
259 4653 304 4706 32.
319 4680 354 4691 -
369 4650 462 4705 Dicite
478 4649 568 4722 vulpi,
584 4654 639 4704 etc.
663 4645 758 4717 Vulpis
767 4645 867 4701 animal
877 4647 923 4703 do
972 4656 1109 4706 contrusa
1125 4646 1261 4702 dicturum
1276 4644 1408 4717 quidquid
1419 4644 1633 4701 dixerattident.
1651 4646 1679 4701 Si
1695 4645 1768 4703 enim

113 4737 220 4804 losum,
246 4738 273 4794 iu
285 4737 365 4794 lovea
379 4737 415 4793 ad
425 4735 536 4791 iusidias
551 4736 647 4805 lutens,
659 4733 923 4799 odoreletensmun·
971 4736 1044 4807 lieet,
1061 4752 1110 4792 cur
1125 4732 1297 4790 observanti
1311 4731 1408 4788 Sinon
1435 4731 1507 4799 licet,
1533 4747 1583 4790 cur
1599 4749 1702 4805 pecora
1716 4751 1766 4792 cu·

113 4846 200 4904 quam
218 4827 303 4884 rectis
316 4825 460 4881 itineribus
478 4824 617 4881 incedens.
639 4824 704 4880 Haec
723 4823 814 4878 omnia
835 4824 921 4880 baere-
971 4825 1052 4881 rant?
1068 4826 1127 4898 lpse
1141 4839 1214 4879 vero.
1240 4821 1306 4876 Ideo
1325 4829 1387 4876 unte
1416 4820 1568 4877 Pharisaeos
1587 4822 1766 4895 hydropicum

115 4918 180 4975 licis
189 4917 322 4988 (quoriun
338 4923 431 4986 typum
453 4913 672 4982 tenetHerodes)
692 4919 857 4985 congruunt,
875 4911 921 4984 qui
971 4921 1057 4980 sanat,
1074 4920 1100 4968 et
1122 4928 1185 4966 mox
1215 4917 1311 4966 contra
1339 4908 1481 4964 avaritiam
1497 4910 1624 4981 disputat,
1650 4918 1679 4965 ut
1692 4911 1768 4982 ipsos

117 5006 269 5072 Christum,
284 5003 312 5058 id
335 5010 377 5058 est
401 5001 579 5057 humilitatem
610 5000 770 5056 Christianae
793 4998 866 5068 fidei,
892 5000 920 5054 in
971 5001 1091 5057 avaritia
1108 5007 1207 5072 arguat
1221 5015 1271 5070 per
1292 5012 1374 5069 quam
1404 4997 1546 5053 sabbatum
1561 4997 1673 5065 violant,
1690 5006 1717 5054 et
1731 4999 1767 5055 le·

82 5124 90 5143 ·
119 5092 297 5152 credentibus
306 5091 633 5163 cananturexstinguerc.
646 5092 715 5147 Eece
725 5092 807 5164 ejicio
818 5091 920 5147 demo·
970 5107 1033 5163 gem
1048 5090 1119 5145 male
1148 5078 1370 5158 interpretantur.
1388 5087 1419 5140 ln
1448 5085 1560 5141 subbato
1588 5085 1660 5142 enim
1679 5103 1769 5144 nona

121 5185 180 5248 aia,
196 5190 252 5238 etc.
268 5179 353 5249 Quasi
364 5179 469 5235 diceret
484 5197 491 5232 :
506 5180 564 5235 Nec
587 5179 721 5249 Herodes,
738 5177 920 5234 nechaeretici
969 5179 1058 5245 bouis,
1076 5177 1152 5233 seda
1166 5175 1246 5232 malis
1260 5175 1389 5247 operibus
1405 5174 1558 5230 feriandum
1572 5182 1622 5246 est,
1638 5175 1710 5231 unde
1727 5177 1768 5232 di-

121 5286 236 5341 quomm
251 5269 312 5339 ipse
324 5266 412 5341 figura
422 5275 473 5337 est,
482 5261 610 5338 poterunt
621 5267 783 5339 perturbare
795 5268 868 5340 quod
877 5268 918 5322 in·
969 5267 1057 5324 citur:
1086 5267 1173 5323 denae
1193 5283 1260 5338 opita
1279 5265 1378 5321 seruile
1393 5280 1451 5321 non
1466 5265 1580 5335 facietis
1595 5265 1628 5320 in
1643 5281 1673 5322 eo
1692 5266 1765 5337 (Leo.

121 5359 199 5413 tendo
214 5355 320 5414 lacere.
347 5354 460 5412 Intende
488 5364 578 5411 autem
606 5356 705 5425 ejicere
734 5355 869 5411 daemonia
883 5356 918 5411 de
968 5354 1061 5428 ιιιιιι),
1076 5355 1104 5410 id
1118 5363 1159 5411 est
1169 5362 1320 5426 peccatum.
1343 5351 1388 5409 Sic
1398 5353 1426 5407 in
1445 5361 1546 5410 aetcrna
1562 5354 1658 5428 requie
1673 5369 1690 5410 a
1704 5370 1763 5412 ma·

121 5445 263 5502 cordibus
276 5443 429 5509 hominum,
459 5452 488 5499 ut
515 5444 616 5500 relictis
639 5443 802 5500 vanitatibus
831 5444 859 5498 in
873 5460 918 5501 me
968 5444 1002 5501 lis
1014 5451 1119 5500 tantum
1133 5442 1284 5510 feriabitur,
1300 5458 1356 5499 nou
1372 5456 1388 5498 a
1402 5442 1491 5500 bouis.

121 5535 233 5591 medant
249 5553 258 5602 ;
274 5540 302 5590 et
310 5532 446 5605 perticere
475 5532 614 5601 sanitates,
639 5541 668 5588 ut
691 5534 841 5590 secundum
856 5548 919 5590 mea
1003 5534 1089 5590 vens.
1106 5534 1132 5589 5.
1148 5564 1183 5574 —
1200 5534 1285 5605 Cujus
1294 5536 1429 5589 trestrum.
1456 5530 1624 5604 competenti
1638 5532 1766 5604 exemplo

121 5631 260 5696 precepta
270 5622 382 5690 ιίιιιιιῑς
399 5621 915 5695 posteaconsunmorinmeoenrpore,
967 5622 1049 5680 solvit
1062 5628 1250 5696 questionem,
1261 5628 1291 5678 ut
1304 5621 1431 5678 ostendet
1445 5636 1493 5677 eos
1508 5621 1653 5678 sabbatum
1660 5620 1765 5683 uiolare
