3772 6112
170 243 223 301 att
458 237 660 295 waharulul
679 235 800 291 srulul
819 233 918 290 FULD.
938 230 1025 288 llON.
1046 231 1124 290 OPP.
1143 233 1233 290 PARS
1252 235 1272 289 l.
1292 264 1328 275 -
1345 231 1583 290 rfluoloulul.
1773 234 1820 288 ott

207 367 341 424 Vnusil.
351 364 500 421 ——lletrrde
510 364 587 433 ficis.
597 362 654 417 lloc
668 360 786 431 ponitod
800 358 1007 438 commende-v
1022 358 1157 416 ducemus
1167 364 1195 416 et
1204 360 1339 426 bibamus,
1352 376 1415 416 cras
1425 361 1503 415 enim
1511 359 1683 416 moriemur.
1695 356 1754 413 Hoc
1763 371 1822 428 pro·

174 456 276 513 tionem
291 452 509 517 resurrectionis,
526 466 580 523 qua
600 448 712 520 implete
739 447 799 503 finis
814 448 867 503 erit
882 446 975 501 mundi
1023 455 1084 519 pter
1098 464 1146 504 eos
1170 449 1217 521 qui
1240 448 1319 520 quasi
1343 449 1409 503 nihil
1424 447 1543 503 futurum
1562 446 1598 502 sit
1613 454 1678 518 post
1701 450 1821 512 mortem,

177 553 204 600 et
227 541 426 601 consummatio
448 539 578 596 omnium.
607 538 676 593 Cum
700 527 887 593 evacuaverit.
904 535 976 590 Dum
1026 536 1113 592 ventri
1141 544 1243 592 tanturn
1268 537 1376 592 student
1397 545 1427 592 ut
1441 551 1551 608 pecora,
1577 535 1705 592 dicentes
1729 550 1737 587 ε
1761 532 1821 602 Quis

177 633 259 688 durat
277 630 412 694 mundus,
434 627 525 699 angeli
546 624 654 699 angelis
675 632 812 696 praesunt,
838 624 977 680 daemoues
1026 625 1089 680 inde
1103 625 1200 681 reniti
1222 626 1283 680 Non
1303 624 1505 681 audivivocem
1527 624 1692 696 cujusquam
1705 621 1770 678 iude
1782 637 1822 679 re·

176 719 356 786 daemonibus,
373 717 497 772 homines
521 714 700 770 hominibus:
726 713 761 769 ud
776 712 919 768 utilitatem
933 710 976 767 ri·
1026 713 1135 768 nientis.
1153 712 1258 781 Quibus
1275 713 1373 769 dicitur
1389 732 1395 768 :
1413 712 1508 780 Stulte,
1526 712 1549 768 si
1562 719 1643 785 pater
1662 719 1822 783 tuussurge·

178 807 310 873 rentium,
335 805 377 861 rel
397 805 433 859 ad
448 802 648 873 deceptionem.
674 802 728 857 Sed
750 800 905 856 hominibus
920 799 978 856 col·
1026 810 1078 872 ret,
1105 802 1253 858 crederes?
1278 801 1410 858 Dominus
1439 801 1561 857 omnium
1586 799 1716 865 surrexit,
1729 805 1756 855 et
1776 814 1822 854 non

181 895 260 952 lectis
275 895 301 948 in
316 893 423 966 angelis
437 900 464 948 et
473 890 628 947 hominibus
642 889 731 945 omnis
744 889 867 961 praelatio
881 903 978 944 cessa·
1027 889 1126 945 credis.
1153 888 1205 958 Qui
1229 890 1316 945 voluit
1339 891 1407 945 mori
1431 898 1458 946 et
1481 905 1610 964 surgere,
1627 895 1659 943 ut
1675 901 1772 944 omnes
1784 885 1822 941 uni

178 983 227 1052 bit,
244 997 299 1038 uon
314 981 365 1036 erit
387 980 458 1035 inter
481 979 658 1051 praesidentes
672 985 700 1033 et
721 977 842 1033 subditos
857 977 904 1032 illa
919 976 979 1030 dis·
1028 979 1211 1046 crederemus,
1228 995 1263 1033 ne
1278 996 1294 1035 u
1307 978 1399 1035 multis
1414 978 1613 1050 deciperemur.
1631 975 1769 1032 Crederes
1780 988 1822 1046 pt·

177 1070 279 1127 sensio.
305 1071 381 1124 Tunc
405 1076 497 1124 autem
519 1075 612 1123 notum
627 1065 677 1121 erit
693 1065 828 1128 omnibus,
845 1064 912 1119 nihil
927 1065 979 1120 ho-
1028 1067 1063 1121 tri
1074 1067 1171 1122 iterum
1186 1067 1329 1133 morituro,
1346 1073 1373 1121 et
1396 1082 1452 1120 uon
1467 1065 1558 1122 credis
1571 1065 1630 1134 jam
1651 1061 1822 1133 immortalis,

177 1175 238 1214 rum
263 1156 369 1229 aliquos
394 1164 518 1212 terrenos
539 1155 582 1210 vel
602 1154 730 1211 coelestes
745 1152 874 1209 hahuisse
890 1169 923 1208 ex
937 1167 978 1218 se,
1029 1154 1076 1227 qui
1090 1156 1209 1227 denique
1224 1155 1409 1211 testimouium
1419 1154 1500 1210 habet
1514 1153 1635 1219 incoelo,
1647 1150 1823 1207 testimouium

178 1246 227 1303 sed
243 1247 278 1301 ab
293 1245 350 1315 illo,
367 1261 399 1301 ex
415 1261 468 1316 quo
483 1251 545 1298 sunt
560 1243 659 1298 omnia.
1031 1243 1059 1296 in
1074 1250 1167 1310 term,
1193 1244 1376 1299 testimouium
1391 1244 1426 1298 ab
1449 1243 1574 1316 angelis,
1588 1239 1777 1298 testimonium
1796 1238 1823 1294 tb

219 1334 306 1389 Vsus
322 1336 366 1391 at.
378 1362 413 1376 ·-·
429 1333 541 1404 Oportet
557 1336 654 1387 cutem
669 1331 891 1400 illumreprrorc.
909 1329 981 1384 Seu·
1031 1349 1139 1405 inseris·

187 1439 234 1478 sus
257 1430 298 1479 est
312 1440 319 1477 :
336 1421 452 1493 Oportet
466 1436 580 1493 regnum
591 1420 649 1488 ejus
672 1418 781 1474 interim
795 1415 979 1481 manifestari,

184 1511 272 1567 donec
295 1526 391 1566 omnes
406 1508 508 1564 inimici
532 1524 593 1564 curu
617 1522 735 1579 regnore
758 1504 917 1560 fateantur:
938 1503 982 1558 di-

185 1599 273 1655 cendo
288 1599 374 1655 donee
390 1596 507 1653 excludit
516 1597 646 1665 majorem
657 1593 912 1658 manifestationem,
929 1608 984 1647 uon

181 1686 343 1759 ampliorem
358 1685 437 1759 regni
460 1684 683 1757 permanentiam.
708 1683 785 1738 Unde
799 1680 881 1736 alibi:
902 1679 1022 1774 OculiB

182 1775 275 1831 nostri
289 1774 325 1831 od
339 1774 491 1832 Dorticum
506 1775 595 1829 Deum
610 1777 753 1837 uestrum,
771 1771 858 1826 donec
868 1770 984 1824 misere-

180 1869 257 1928 atur,
276 1870 328 1918 eto.
346 1863 408 1917 Non
423 1869 452 1916 ut
466 1869 530 1917 tunc
550 1867 719 1925 avertentur,
736 1858 785 1913 sed
800 1865 828 1912 ut
842 1856 909 1913 nihil
925 1872 983 1912 em-

181 1950 252 2022 plius
275 1950 426 2021 requirant.
1069 1935 1154 1989 Vnus.
1170 1937 1215 1989 34.
1226 1964 1261 1976 -
1276 1935 1423 2007 Evigilotc.
1447 1935 1505 1990 lloc
1528 1931 1621 1998 nohte,
1639 1930 1690 1987 sed
1704 1929 1827 2002 evigilate

1035 2038 1200 2093 ocorpore;
1219 2023 1299 2078 etsie
1314 2022 1390 2078 eritis
1408 2024 1504 2095 josti;
1519 2029 1623 2092 etpost
1639 2038 1646 2075 :
1664 2019 1759 2076 Nolite
1768 2032 1826 2091 pct-

1033 2127 1099 2167 core
1113 2111 1166 2166 illis
1182 2111 1387 2178 consentiendo,
1404 2112 1466 2183 quia
1480 2110 1609 2182 ignorant
1634 2110 1734 2165 Deum.

1070 1465 1154 1520 vans.
1174 1468 1255 1519 33.-
1268 1467 1360 1522 llottte
1374 1465 1479 1532 sedum,
1491 1471 1558 1533 etc,
1573 1461 1729 1535 epseudo;
1745 1458 1824 1532 quide

1032 1552 1166 1609 medicina
1182 1562 1307 1625 quaerunt
1321 1553 1418 1609 vulnus
1434 1560 1461 1608 et
1474 1553 1509 1609 de
1535 1549 1689 1623 scripturis
1703 1555 1824 1605 conannu

1032 1650 1161 1714 torquere
1183 1641 1329 1709 vinculum,
1345 1643 1417 1698 undo
1439 1642 1565 1714 laqueum
1589 1638 1689 1695 mortis
1702 1637 1824 1707 iaticum

1039 1731 1229 1803 Corrumpunt
1251 1732 1333 1786 bonos
1356 1747 1458 1799 morer,
1481 1738 1533 1786 eto.
1550 1725 1725 1801 (Turonos.)
1746 1725 1825 1782 Itum

1032 1819 1080 1875 hic
1092 1817 1168 1875 leves
1184 1818 1292 1875 vocavit
1308 1818 1354 1892 qui
1369 1819 1449 1876 facile
1472 1818 1657 1890 decipiuntur.

216 2063 302 2118 Vnus.
318 2066 363 2120 26.
379 2091 415 2102 -
434 2062 590 2118 Novissima
611 2065 718 2117 ouum.
745 2061 817 2115 luter
840 2058 891 2115 alia
915 2074 985 2115 con-

181 2159 235 2208 stat
258 2151 331 2225 quod
355 2158 381 2206 ot
403 2158 565 2222 potestatem
591 2148 739 2205 suscitandi
763 2148 845 2204 habet
861 2147 985 2204 Christus

184 2256 246 2296 cum
268 2239 358 2294 subdit
376 2240 550 2295 :Novissime
573 2243 670 2295 autem
685 2237 803 2293 inimico
823 2237 985 2292 destruetur
1071 2244 1155 2298 Vnus.
1173 2246 1217 2297 ³5.
1232 2273 1268 2286 -
1285 2244 1337 2300 Sed
1352 2243 1427 2299 dicct
1442 2243 1556 2315 aliquis.
1572 2243 1712 2297 Hactenus
1727 2252 1778 2310 per
1791 2251 1829 2292 re·

182 2344 267 2384 mort·
285 2327 365 2382 M⁰d⁰
389 2326 513 2382 Christus
528 2333 633 2398 regssflls
650 2332 676 2381 el
690 2334 753 2381 tuuc
770 2322 895 2398 regnabit
913 2341 919 2378 :
936 2324 985 2379 sed
1034 2331 1122 2386 tiones
1143 2330 1270 2402 probavit
1293 2322 1524 2387 resurrectionem
1546 2337 1732 2398 mortuorum,
1754 2323 1831 2382 modo

187 2415 344 2481 novissime,
361 2414 388 2469 id
404 2421 445 2470 est
459 2422 522 2486 post
542 2413 634 2469 omnia
649 2414 806 2469 destruetur
819 2429 906 2480 mors,
921 2412 986 2486 quia
1033 2436 1082 2491 per
1095 2419 1183 2491 ipsum
1198 2435 1287 2474 rorum
1302 2427 1425 2475 naturam
1435 2434 1517 2490 posse
1531 2416 1590 2474 lieri
1606 2416 1747 2485 ostendit;
1762 2411 1833 2489 quasi

182 2503 302 2575 amplius
326 2518 382 2558 non
403 2502 588 2558 dissolventur
610 2501 734 2557 homines
759 2502 827 2558 sicut
861 2501 984 2558 haeretici
1034 2508 1107 2564 dicar
1120 2525 1170 2580 per
1184 2509 1243 2564 haee
1252 2509 1385 2580 probatur
1400 2526 1406 2563 :
1423 2509 1472 2564 sed
1487 2515 1577 2565 tamen
1586 2506 1686 2579 aliquis
1700 2506 1834 2579 deprava·

186 2591 366 2648 arbitrantur.
383 2591 546 2648 Novissime.
562 2589 631 2658 Quia
650 2606 705 2645 non
729 2590 781 2647 erit
797 2589 898 2663 aliquid
913 2589 986 2661 quod
1035 2605 1078 2652 tus
1094 2596 1135 2653 sic
1161 2596 1235 2669 loqui
1258 2605 1361 2668 posset,
1386 2597 1464 2671 quasi
1486 2604 1658 2652 mortuorum
1672 2594 1836 2652 resurrectio

187 2681 329 2736 destruat:
345 2688 490 2751 postquam
505 2681 557 2734 hoc
578 2678 692 2734 mortale
708 2677 799 2733 induat
823 2677 985 2733 immortali·
1036 2701 1086 2757 per
1101 2694 1226 2741 naturam
1242 2684 1302 2741 lieri
1316 2701 1371 2741 non
1385 2685 1472 2757 possit
1487 2703 1494 2740 :
1509 2688 1544 2742 Et
1559 2687 1584 2742 st
1593 2688 1757 2758 resurgeret,
1773 2699 1838 2757 puc-

183 2767 418 2825 tutemlrtimica.
437 2767 485 2823 Cui
500 2765 986 2837 inimicamurtvellpsanobi8.1te·
1038 2777 1092 2831 live
1114 2791 1237 2847 corpore,
1263 2774 1342 2847 quasi
1365 2774 1436 2830 dicat
1453 2790 1460 2830 ς
1476 2775 1537 2830 Non
1552 2774 1655 2844 poterit
1676 2772 1755 2829 aliud
1779 2786 1839 2829 egge

184 2873 245 2913 rum
259 2855 460 2912 ⁰⁰¹¹¹¹11011d³²50
480 2853 698 2909 Γῡὸὓῐῑθθῑῑθῐῐὶἓ-
1036 2878 1119 2935 quam
1133 2863 1225 2932 modo,
1242 2863 1270 2918 id
1285 2871 1327 2919 est
1340 2863 1470 2935 passibile
1484 2870 1511 2919 et
1528 2863 1652 2919 mortale.
1676 2860 1837 2934 Respondet

220 2946 307 3001 Vm·
320 2946 365 3003 ²7·
385 2973 420 2983 ·-
430 2945 539 2998 Ploettr
549 2958 615 2998 eum
630 2944 678 3015 ‘1¹⁴²'
689 2941 808 3014 8444164ίὶ
822 2942 848 2997 ei
871 2943 977 2998 omnia·
1037 2952 1185 3023 Apostolus
1202 2969 1208 3006 :
1226 2952 1374 3025 iusipiens,
1390 2952 1418 3007 id
1442 2960 1485 3007 est
1499 2951 1546 3024 qui
1558 2967 1613 3007 non
1628 2950 1753 3007 attendis
1764 2946 1839 3023 quod

184 3031 237 3101 Qui
247 3031 316 3088 siout
327 3046 360 3086 ex
373 3030 451 3086 nullo
468 3038 527 3097 est,
550 3029 588 3084 ita
606 3028 680 3084 nulla
694 3029 800 3084 rotione
823 3036 913 3100 potest
936 3028 1023 3132 ali·C
1037 3040 1160 3113 quotidie
1174 3041 1251 3096 vides
1266 3041 1295 3096 jn
1314 3055 1411 3114 grano,

184 3120 230 3178 cui
242 3135 303 3176 esse
314 3119 452 3188 subjectus
466 3134 472 3172 :
485 3118 546 3189 lpse
552 3117 625 3173 enim
635 3115 800 3188 principium
808 3124 850 3172 est
856 3116 986 3173 omnium.

225 3208 260 3265 lit
278 3208 319 3262 sit
335 3208 409 3262 Deus
431 3205 537 3261 omnio.
568 3204 638 3274 Quia
661 3219 724 3261 oum
752 3204 840 3261 omnis
864 3212 989 3261 creatura

189 3293 329 3350 Christum
352 3309 415 3350 esse
442 3310 522 3348 suum
546 3300 640 3365 eaput,
658 3291 758 3349 Christi
781 3302 872 3348 autem
895 3300 986 3364 eaput,

190 3383 288 3453 Deum,
304 3398 359 3438 non
374 3389 478 3438 tuntum
493 3382 521 3437 iu
535 3382 672 3448 omnibus,
687 3381 715 3436 id
726 3389 767 3437 est
777 3381 804 3436 in
815 3380 989 3438 confessione

186 3471 317 3538 omnium,
334 3487 405 3527 uuus
420 3470 471 3526 erit
487 3472 576 3536 Deus,
593 3471 641 3526 sod
655 3479 681 3526 et
696 3470 784 3526 omnis
814 3468 990 3528 creaturaru—
1075 3474 1160 3529 Vnus.
1177 3476 1220 3527 38.
1237 3502 1271 3512 —
1285 3474 1357 3528 lices
1372 3475 1470 3528 cotem
1483 3470 1542 3526 dot.
1558 3468 1632 3526 Sicut
1648 3483 1718 3543 ergo
1743 3467 1845 3525 nudum

192 3560 294 3616 tehitur
308 3559 399 3631 ipsum
410 3575 472 3615 esse
483 3575 515 3615 ex
526 3574 580 3631 quo
591 3566 654 3614 sunt
673 3558 774 3615 omniu.
1041 3577 1157 3635 gmnum
1172 3559 1332 3625 seminatur,
1349 3566 1376 3615 et
1391 3558 1441 3614 Dei
1461 3565 1528 3613 nutu
1554 3556 1764 3630 quodammodo
1778 3552 1844 3613 res·

226 3650 312 3704 Vnus.
330 3652 374 3707 28.
385 3679 420 3688 -
438 3650 472 3706 Ut
485 3649 526 3703 rit
539 3651 621 3704 Deus.
635 3649 696 3719 lpse
711 3655 752 3703 est
767 3645 828 3702 linis
843 3661 926 3718 quem
940 3662 990 3701 su·
1040 3651 1119 3705 titum
1134 3648 1253 3721 resurgit
1277 3647 1364 3702 multa
1385 3663 1479 3703 secum
1493 3645 1599 3703 hebens
1614 3645 1796 3712 incrementa,
1809 3642 1846 3700 ita

187 3752 240 3809 pro
255 3737 334 3792 toties
349 3736 517 3793 concludens
540 3735 631 3807 posuit
648 3752 655 3791 :
670 3744 733 3808 post
755 3735 928 3790 membratim
943 3750 991 3790 ex·
1040 3747 1165 3795 mortuus
1179 3737 1230 3792 Dei
1245 3736 1343 3792 virtute
1367 3735 1467 3806 poterit
1490 3735 1593 3801 vivere,
1611 3741 1639 3789 et
1654 3733 1768 3790 meliori
1781 3748 1847 3790 oor·

186 3825 268 3899 plicat
284 3843 346 3899 quae
361 3825 396 3881 sit
410 3824 608 3881 consummatio
623 3824 721 3880 futura.
739 3825 850 3882 Omnia.
863 3823 930 3892 Quae
946 3822 991 3878 de·
1039 3842 1105 3898 pore
1131 3841 1287 3897 resurgere.
1316 3824 1468 3897 [letumque
1487 3824 1640 3879 seminum.
1653 3822 1695 3877 lta
1719 3828 1748 3877 et
1766 3819 1845 3878 nobis

195 3913 309 3970 siderari
323 3921 447 3985 possunt.
475 3914 507 3968 ln
531 3913 670 3979 ernoldus,
686 3912 817 3968 membris
830 3911 887 3967 suis
904 3929 911 3966 ε
928 3911 990 3984 quia
1042 3914 1201 3971 reformabit
1215 3928 1332 3985 corpora
1346 3921 1440 3967 nostra
1449 3911 1567 3985 antiqua,
1585 3910 1675 3966 utJob
1685 3909 1744 3966 ait:
1759 3909 1846 3979 Quem

190 4001 332 4075 praemium
348 4001 455 4057 virtutis
471 4001 520 4056 erit
535 4001 594 4072 ipse
611 4001 657 4073 qui
680 4001 756 4056 dedit
768 4001 908 4066 virtutem,
927 3999 992 4072 quia
1043 4005 1154 4060 visurus
1170 4020 1233 4059 sum
1248 4019 1295 4074 epo
1309 4004 1379 4074 ipsc,
1396 4005 1426 4058 et
1438 4018 1496 4059 noo
1520 3999 1605 4057 aliur.
1622 3998 1678 4054 Sed
1692 3997 1750 4055 erit
1765 3994 1845 4053 dilie-

193 4090 267 4145 Deus
283 4090 334 4145 orit
349 4090 420 4146 unde
442 4088 581 4144 satientur.
1040 4091 1128 4147 rentia
1142 4090 1170 4146 in
1184 4091 1272 4164 gloria
1287 4097 1314 4146 et
1331 4089 1475 4161 dignitate,
1488 4087 1611 4161 quamvis
1625 4087 1661 4144 de
1675 4087 1776 4143 eedem
1792 4085 1845 4141 sint

226 4187 312 4242 Vnus.
328 4190 374 4244 29.
391 4216 426 4227 -
440 4189 495 4242 Pro
506 4187 636 4242 mortuis.
649 4186 678 4241 ld
688 4193 730 4240 est
749 4202 798 4257 pro
809 4184 929 4257 peccatis
939 4185 991 4241 de·
1041 4188 1149 4237 notura.
1166 4180 1240 4236 Sicut
1255 4193 1310 4235 non
1324 4177 1414 4234 omnis
1433 4192 1495 4234 caro
1510 4184 1552 4233 est
1575 4175 1700 4246 eJ'usdem
1724 4173 1846 4250 dignita·

190 4275 288 4332 lendis.
304 4273 364 4342 Vel,
381 4290 432 4345 pro
449 4290 479 4329 se
489 4274 604 4329 mortuis
627 4273 761 4330 faciendis
775 4275 810 4329 ad
835 4272 991 4329 similitudi·
1041 4270 1085 4338 tis,
1101 4269 1166 4326 licet
1180 4269 1215 4324 de
1230 4267 1334 4324 eisdem
1349 4265 1502 4334 elementis,
1517 4273 1545 4322 et
1567 4266 1620 4321 hoc
1635 4273 1678 4321 est
1698 4264 1774 4338 quod
1789 4261 1844 4319 ait:

190 4381 254 4422 nem
264 4363 361 4420 mortis
377 4363 484 4432 Christi,
502 4362 676 4435 quidfacient
690 4379 753 4419 cum
774 4379 828 4418 non
843 4362 896 4417 sint
910 4363 992 4419 vitam

190 4452 333 4509 habituri?
349 4454 379 4510 Si
395 4453 520 4518 cornico,
536 4458 586 4508 etc.
599 4452 636 4506 lta
650 4458 678 4505 ut
694 4467 745 4507 nec
760 4451 883 4506 Christus
898 4465 990 4507 surre-

191 4542 261 4599 xerit
270 4544 284 4598 ‘l
294 4550 323 4598 ut
333 4542 398 4614 quid
413 4540 584 4613 baptizantur
594 4548 779 4611 compeccata
788 4555 843 4596 non
858 4539 992 4596 dimittan-

191 4638 243 4700 tur,
256 4630 278 4684 si
291 4630 415 4686 Christus
425 4646 479 4685 non
490 4629 688 4685 resurrexerit?

227 4727 314 4781 Vnus.
330 4730 373 4782 34.
388 4731 551 4800 -Propter
565 4729 699 4782 oestrum.
715 4724 784 4781 Vel:
801 4728 855 4781 Per
869 4729 992 4781 vestram

191 4816 321 4888 gloriam.
350 4816 421 4870 Ecce
445 4815 593 4887 Apostolus
604 4815 677 4884 jurat
692 4822 721 4868 ut
737 4813 854 4870 sciamus
865 4812 928 4886 quia
942 4829 992 4870 ve·

192 4920 255 4958 rum
266 4903 357 4972 jurare
372 4918 427 4959 non
442 4912 485 4958 est
499 4911 653 4975 peccatum,
674 4902 723 4958 sed
747 4919 801 4958 uon
816 4901 878 4957 ideo
894 4901 922 4955 in
938 4901 992 4956 du-

192 4991 244 5046 biis
265 4991 411 5060 jurandum
438 5000 498 5057 est,
513 5001 540 5046 et
555 4991 638 5047 tutius
665 4998 707 5047 est
728 5007 783 5047 uon
803 4991 897 5060 jurare
912 5005 994 5062 quam
1236 5038 1241 5048 .

192 5079 389 5136 consuetudine
406 5079 517 5148 jurandi
532 5081 664 5151 pejerare.
686 5080 796 5135 Falsum
814 5095 879 5135 vero
889 5078 992 5148 jurare,
1043 5055 1111 5112 pm
1133 5039 1354 5094 demmmamur'

192 5166 388 5238 gravissimum
403 5176 445 5222 est
464 5176 614 5239 peccatum.
634 5169 736 5224 Contra
750 5174 919 5240 preceptum
939 5182 995 5223 non
1079 5174 1166 5228 Vnus.
1183 5173 1225 5226 44.
1239 5201 1274 5213 -
1284 5171 1374 5228 Stella
1388 5170 1466 5226 cuim
1482 5187 1500 5226 a
1516 5169 1602 5225 stello
1618 5167 1727 5239 differt,
1746 5174 1801 5222 eto.
1816 5166 1849 5221 lrt

194 5262 236 5311 est
248 5255 349 5323 iuratio
366 5273 373 5311 :
391 5273 451 5328 quae
474 5272 529 5313 non
552 5265 624 5312 esta
644 5256 714 5312 malo
733 5257 860 5327 jurantis,
885 5255 935 5313 sed
950 5256 995 5312 in-
1045 5263 1125 5319 domo
1140 5262 1235 5318 Patris
1251 5260 1480 5317 mctmonsiocer
1499 5258 1600 5314 mcttoe
1614 5260 1694 5323 runt,
1709 5255 1762 5312 etsi
1777 5253 1849 5311 idem

194 5342 298 5400 creduli
314 5342 358 5399 vel
371 5344 482 5415 infirmi,
495 5344 541 5417 qui
556 5345 635 5402 uliter
649 5361 705 5401 non
721 5346 817 5402 eredit.
1045 5350 1185 5418 denarius,
1202 5349 1229 5405 id
1245 5357 1286 5405 est
1301 5349 1358 5404 vite
1373 5356 1476 5404 aetema
1490 5346 1632 5403 omnibus.
1648 5345 1712 5401 Une
1725 5351 1768 5401 est
1778 5342 1850 5400 euim

230 5433 315 5488 Vltus·
329 5435 372 5490 32·
391 5462 426 5472 ·-
444 5433 473 5489 Si
488 5434 645 5490 secuudum
655 5434 807 5491 hominem·
821 5434 851 5488 ld
860 5439 902 5489 est
911 5446 997 5506 agens
1046 5440 1194 5505 beatitudo,
1216 5455 1297 5511 quarn
1309 5438 1375 5508 justi
1394 5436 1567 5510 percipiunt;
1583 5433 1633 5491 sed
1654 5433 1754 5506 dispar
1768 5431 1851 5489 retri-

197 5521 395 5578 rationabiliter
419 5520 484 5593 quia
503 5522 620 5577 hominis
646 5531 687 5579 est
702 5523 836 5589 credere,
852 5537 908 5577 non
927 5518 997 5576 mori
1045 5528 1165 5584 untionis
1179 5527 1306 5600 qualitas,
1335 5527 1403 5582 Cum
1418 5526 1471 5581 sint
1488 5532 1579 5581 autem
1603 5529 1787 5596 resurgentes
1801 5520 1851 5575 irn-

193 5610 370 5671 homiuemut
379 5608 507 5681 bestium,
515 5611 649 5684 pugnari,
666 5611 695 5667 id
710 5619 753 5668 est
766 5609 912 5683 disputavi.
922 5611 998 5667 llor-
1046 5617 1123 5691 paris
1137 5615 1278 5686 claritatis,
1309 5623 1401 5673 tamen
1414 5616 1489 5672 Deus
1503 5621 1545 5673 est
1554 5611 1648 5670 omnis
1661 5610 1691 5668 in
1712 5609 1852 5679 omnibus,

1107 3157 1193 3212 Vnus.
1206 3158 1249 3211 36.
1263 3155 1446 3227 -lnsipicrrs
1462 3158 1495 3210 tu
1511 3170 1519 3208 ε
1535 3153 1606 3226 quod
1629 3152 1772 3208 seminus.
1804 3151 1842 3207 lta

1036 3253 1160 3301 mortuus
1174 3243 1274 3315 poterit
1286 3243 1389 3312 virere,
1405 3251 1431 3298 et
1444 3240 1551 3299 meliori
1564 3255 1705 3312 corpore:
1721 3248 1753 3296 ut
1765 3238 1839 3313 quod

1038 3333 1168 3402 seminas,
1182 3332 1280 3388 melius
1295 3331 1391 3403 surgit.

999 4425 1026 4488 D
1073 4356 1164 4448 ⁸Virus.
1180 4395 1224 4447 39.
1239 4393 1318 4447 -Et
1331 4391 1428 4447 codem
1441 4405 1515 4447 caro.
1533 4386 1630 4446 Omnis
1651 4401 1721 4445 caro
1735 4401 1846 4459 eorpus,

1041 4482 1159 4538 sednon
1174 4495 1333 4537 econverso
1350 4496 1357 4533 :
1372 4486 1403 4535 ut
1424 4478 1540 4552 lignum.

1076 4598 1162 4652 Vnus.
1188 4597 1232 4650 40.
1258 4624 1293 4634 -
1320 4594 1458 4651 Coetcrttc.
1489 4588 1701 4663 Resurgentium
1732 4602 1847 4662 corpore

1042 4692 1104 4741 sunt
1118 4683 1261 4750 coelestiat
1276 4681 1416 4738 terrestris
1439 4688 1584 4753 antequam
1598 4678 1764 4747 moriantur,
1781 4677 1848 4750 quie

1043 4791 1075 4831 ex
1087 4774 1184 4829 Adam.
1199 4773 1234 4826 Et
1259 4771 1324 4843 quie
1340 4770 1465 4826 Christus
1489 4769 1609 4825 coelestis
1623 4775 1675 4834 est,
1691 4782 1775 4824 exeo
1794 4780 1853 4823 eor·

1042 4878 1109 4934 pora
1123 4860 1247 4919 coelestio
1265 4860 1401 4926 dicuntur,
1418 4866 1445 4914 et
1459 4874 1515 4913 non
1533 4858 1592 4927 J'am
1607 4871 1674 4913 cero
1700 4855 1843 4913 dicuntur.

1042 4952 1083 5008 lix
1097 4951 1183 5005 Adam
1198 4964 1274 5015 vero,
1292 4948 1356 5020 qiua
1381 4947 1520 5003 terrestris
1543 4953 1595 5013 est,
1619 4945 1767 5001 terrestris
1781 4958 1847 5000 cor·
