3772 6112
125 181 197 236 im

342 318 381 360 ab
389 317 549 361 amanti!
562 317 709 360 clanim.

126 410 258 467 Dulcibus
276 408 373 467 officiis
386 417 414 468 et
427 411 515 468 amice
528 418 621 467 mente
629 410 745 467 colendo

160 498 290 572 luitgero
304 499 419 555 Strobos
431 498 547 572 paucula
556 499 643 556 verba
655 498 740 554 dedit.

128 587 216 643 Parva
230 587 294 644 licet
307 587 386 644 luerit
395 597 495 644 nostrae
505 587 616 644 dilectio
631 587 726 659 partis,

160 676 251 733 Credo
266 685 356 734 mmen
365 692 517 734 memorem
533 685 559 734 te
572 676 639 733 satis
654 692 716 733 esse
729 675 794 732 mei.

124 762 263 837 Quidquid
278 765 363 847 babes
377 765 514 834 deinum,
529 767 656 841 gaudens
668 764 731 822 volo
741 781 748 820 :
758 779 844 837 porro
858 764 925 822 sini·

158 918 265 999 Siquid
280 920 357 984 adest
371 925 463 998 doleo,
480 925 572 984 cordis
587 925 615 981 in
630 924 771 998 oppidulo.
827 851 925 929 [mm

125 1013 228 1072 Unicus
240 1022 269 1071 ut
288 1014 379 1081 matri,
390 1015 472 1072 terris
482 1023 511 1070 ut
524 1013 627 1071 lumina
644 1013 741 1070 Phoebi

158 1102 193 1161 Ut
202 1117 247 1160 ros
253 1104 433 1178 graminibus,
450 1104 571 1177 piscibus
585 1103 658 1158 unda
672 1101 769 1158 frctri:
804 1147 811 1165 ,

125 1193 181 1247 der
194 1191 232 1247 uti
242 1191 390 1258 oscinibus,
406 1191 527 1248 rivorum
541 1200 568 1248 et
586 1206 727 1247 murmura
749 1190 847 1264 pratis,

161 1279 207 1336 Sic
221 1287 277 1348 tna,
289 1281 406 1354 pusiole,
423 1282 506 1338 chara
519 1281 585 1336 mibi
598 1279 694 1337 lacios.

125 1367 155 1425 si
173 1367 232 1425 lieri
246 1370 343 1443 possit,
355 1369 415 1426 fieri
430 1371 502 1443 quod
516 1386 599 1443 posse
614 1376 751 1442 putamus,

160 1459 257 1530 lugere
271 1464 298 1515 te
310 1459 412 1515 nostris
439 1459 554 1527 visibus,
566 1475 626 1525 oro,
642 1456 726 1514 celer.

123 1547 193 1603 Nam
208 1545 270 1620 quia
281 1554 308 1604 te
321 1548 435 1622 propius
447 1547 530 1605 didici
544 1546 695 1605 consistere
709 1543 789 1602 uobis

158 1636 221 1692 Non
235 1636 389 1711 requiesco,
406 1636 458 1695 nisi
472 1636 569 1694 videro
578 1645 604 1694 te
618 1634 707 1693 citius.

125 1723 249 1781 Excedat
263 1741 394 1782 numeros
409 1734 555 1798 astrorum,
576 1725 658 1794 roris,
669 1741 771 1792 arene.

158 1811 261 1884 Gloria,
278 1815 344 1886 uita,
357 1815 439 1884 salus,
456 1824 540 1889 atque
553 1815 647 1872 ualere
662 1822 747 1872 tuum.

417 1945 483 1987 tm
494 1946 530 1987 Ab
546 1945 637 1988 nanu.

125 2040 214 2102 Chare
223 2043 301 2102 venis
315 2043 414 2115 subito,
432 2046 522 2102 subito
542 2061 650 2118 quoque
665 2047 748 2102 chare
763 2046 881 2112 recedis,

125 2133 214 2190 Audio
228 2149 283 2190 non
293 2131 383 2201 uideo,
404 2133 485 2190 rideo
495 2141 587 2190 tamen
602 2135 684 2203 intus,
701 2143 728 2191 et
742 2135 816 2191 intus

125 2221 284 2294 implectur
297 2221 448 2296 fugientem
463 2231 490 2279 et
504 2238 619 2295 corpore
634 2239 688 2280 non
707 2224 818 2295 pietate.

126 2309 223 2367 Certus
238 2310 311 2367 enim
326 2319 354 2366 ut
368 2309 483 2378 fueram,
500 2327 619 2384 semper,
635 2327 738 2385 eroque
753 2311 838 2369 loueri

128 2398 218 2455 Corde
232 2407 279 2456 tuo
293 2416 347 2465 me,
360 2400 442 2457 corde
452 2416 514 2457 meo
524 2408 559 2457 te.
576 2401 634 2458 Nec
648 2401 714 2456 milri
729 2410 836 2474 tempus

127 2487 246 2545 Suadeat
260 2487 354 2557 ullum,
370 2487 443 2545 aliud
457 2489 515 2557 tibi,
533 2506 584 2545 nec
593 2489 757 2561 persuadeat
767 2480 852 2547 ullum

128 2576 222 2632 Visere
232 2576 256 2632 sl
267 2577 380 2649 poteris,
396 2585 438 2634 sat
453 2577 514 2645 erit,
525 2577 548 2633 si
563 2577 657 2635 videro
667 2586 785 2653 gratum,

126 2664 174 2722 Sin
189 2665 266 2736 alias,
283 2665 405 2723 rescribe
415 2666 528 2740 aliquid,
546 2674 590 2722 tna
606 2665 692 2723 tristia
704 2667 767 2724 novi

125 2756 213 2826 Atque
226 2752 322 2811 dolens
337 2753 439 2821 recolo,
454 2754 534 2812 dolor
548 2763 589 2811 est
597 2755 736 2828 possessio
750 2754 854 2825 mnndi,

126 2840 249 2919 Qnoeque
278 2858 377 2903 serena
398 2852 488 2916 putas,
505 2845 593 2918 magis
608 2845 666 2901 haec
677 2845 705 2899 in
721 2844 813 2900 nubila
829 2844 921 2904 tristes

125 2930 161 2986 Et
173 2929 300 2987 tenebras
313 2931 430 3007 fugiunt,
442 2933 550 2991 volucri
559 2933 605 3006 qui
619 2933 720 3006 pendet
739 2933 766 2989 in
783 2933 849 2990 orbe

124 3018 204 3076 Nunc
218 3020 333 3090 scandit,
350 3036 420 3078 nunc
435 3022 585 3084 descendit,
602 3030 659 3078 rota
670 3021 710 3079 sic
724 3020 897 3080 trahitorbis.
908 3016 961 3080 ·e
1004 3065 1066 3122 Non
1080 3065 1212 3124 “umbe
1226 3077 1328 3138 men„
1345 3070 1385 3128 sic
1400 3086 1452 3146 ego
1468 3081 1507 3142 ιο,
1522 3073 1597 3132 alme
1614 3085 1706 3148 pm,

969 3153 1000 3208 ln
1014 3154 1131 3212 Domino
1145 3156 1204 3212 sine
1219 3155 1273 3214 line
1286 3158 1357 3229 vale,
1375 3162 1517 3236 nostrique
1531 3174 1670 3223 memento

331 3150 369 3193 ab
383 3151 542 3193 tubovtcult
551 3152 697 3193 CLEMCW·

125 3242 184 3310 Cui,
201 3240 347 3310 ludovice,
367 3241 407 3296 tui
418 3239 527 3298 donssti
540 3258 640 3298 munus
651 3242 754 3299 amoris

161 3328 285 3386 llaectibi
294 3328 341 3384 det
352 3328 450 3385 Strabo
465 3330 548 3386 verbs
562 3330 665 3398 edutis,
681 3347 742 3389 ave.

128 3415 226 3472 Vestra
239 3416 303 3474 licet
312 3417 393 3474 vilem
407 3417 470 3474 lecit
482 3418 627 3489 promissio
641 3427 743 3476 memet

160 3504 290 3561 Versibus
304 3505 407 3562 audere
421 3521 471 3562 vos
484 3509 623 3564 monuisse
632 3508 712 3565 mab.

123 3592 194 3650 Nam
208 3594 332 3666 quamuis
345 3610 460 3668 magnos
473 3597 566 3652 mundi
579 3597 695 3654 teneatis
709 3597 838 3657 bonores.

157 3681 219 3739 Non
234 3698 283 3739 uos
296 3684 380 3740 credo
393 3691 486 3740 tamen
495 3701 627 3757 spernere
640 3700 690 3741 uos
704 3685 840 3743 minimos.

39 3790 41 3794 ¹
122 3767 237 3828 llirdhs
250 3787 307 3829 non
315 3772 378 3829 dico
393 3773 543 3840 bominum,
558 3774 623 3831 dum
637 3791 756 3848 spesque
768 3773 891 3850 fidesque

156 3859 294 3930 Arueriut,
308 3861 385 3917 aolus
399 3870 454 3917 tum
469 3862 609 3934 superabit
620 3878 707 3920 naor.

121 3948 184 4006 Non
197 3949 291 4017 rectu,
307 3965 363 4007 nou
372 3950 428 4008 ulla
443 3949 503 4008 iero
515 3951 646 4008 tdridona
658 3951 761 4010 metalli

154 4036 218 4094 Solo
233 4037 336 4094 serviro
352 4055 446 4111 qtraero
459 4039 588 4097 mamone
602 4041 661 4097 tibi.

120 4126 204 4183 Totus
218 4127 292 4184 aniin
308 4142 402 4194 sensu,
418 4129 516 4195 serbo,
531 4129 665 4202 lactisque
679 4130 793 4187 studebo

152 4215 305 4273 Pomissum
319 4215 425 4273 tibimet
439 4217 671 4276 reddereamoris
681 4234 751 4292 opus
768 4237 776 4275 ε

116 4303 185 4360 listo
193 4319 301 4362 memor
312 4306 454 4374 memoris,
469 4307 641 4379 Dominoque
655 4307 763 4364 fauente
776 4307 877 4378 usteto,

149 4392 202 4451 Tot
213 4393 285 4451 bona
297 4394 463 4468 percipiens,
475 4403 541 4468 quot
555 4396 691 4453 meruisse
701 4406 744 4454 snt
754 4405 805 4455 est.

301 4535 339 4577 ΑΒ
353 4535 486 4579 ΒΟΒΟΝΕΙ
500 4536 729 4581 utnonttcorttnt.

112 4633 179 4695 lloec
193 4633 243 4692 tibi
257 4636 304 4692 dat
318 4634 425 4706 Strabo,
442 4637 600 4697 charissime
610 4640 689 4712 pusio
703 4639 788 4708 bodo,

149 4725 267 4783 Paucula
279 4741 366 4798 parva
377 4726 440 4783 licet
454 4726 539 4785 verba
552 4727 672 4802 legenda
685 4737 756 4786 tuns.

115 4811 204 4881 Quem
218 4814 326 4871 fervore
340 4814 401 4889 pari
414 4814 518 4871 dudum
532 4813 675 4873 defiximus
689 4817 774 4886 ervis,

149 4902 288 4970 Surrsdus,
299 4904 333 4961 ad
349 4920 462 4976 superos
476 4905 590 4978 prodeat
605 4905 651 4961 ille
666 4906 764 4964 Notos.

116 4989 187 5046 Pura
199 5006 250 5061 per
268 4992 393 5050 assiduos
407 5002 505 5068 surgat
525 4993 635 5051 dilectio
654 5003 754 5066 motus,

150 5077 244 5133 Donec
258 5078 336 5137 suma
350 5081 438 5154 polos,
454 5090 584 5157 astraque
599 5083 673 5140 adire
685 5091 776 5156 queat.

396 179 599 236 wntnrntnt
617 179 740 238 sunem
759 176 860 237 ΜΠ).
897 174 985 236 ΜΘΝ.
1005 175 1083 237 OPP.
1103 179 1192 239 PARS
1210 177 1256 238 lli.
1276 209 1312 226 --
1330 180 1497 238 omnus.

1714 181 1784 239 tlte

937 303 967 364 A
1012 304 1163 375 susbonis,
1178 289 1339 364 memorent
1353 322 1464 379 semper
1476 315 1505 363 ct
1517 306 1578 378 ipse
1587 304 1637 363 tui.

976 391 1056 462 Quod
1071 393 1189 451 Domino
1199 403 1307 453 sectare
1320 395 1421 468 placet,
1438 395 1513 468 quod
1522 394 1617 464 jussit.
1628 401 1741 453 meto:

1011 481 1091 551 Quod
1105 483 1231 554 spondet,
1248 501 1355 556 speres,
1367 485 1441 559 qaod
1451 484 1589 557 probibet,
1603 481 1711 557 fugies.

975 569 1066 642 Dilige
1076 571 1201 638 vututes,
1217 573 1291 628 uitiis
1298 574 1394 646 procul
1402 575 1528 631 omnibus
1545 578 1616 635 estc.

1010 658 1124 715 Praeniia
1138 668 1214 716 certa
1231 662 1319 730 bonis,
1335 679 1418 734 poena
1431 665 1514 722 datur
1534 669 1659 727 miseris.

974 746 1016 802 nd
1031 747 1146 806 meliora
1160 758 1221 807 tuos
1235 751 1316 808 ducat
1331 752 1506 811 Deusomnia
1519 771 1622 814 sensus

1010 835 1045 891 Et
1059 837 1107 892 tibi
1122 849 1255 910 perpetuo
1269 856 1385 898 monera
1398 859 1501 915 magna
1510 844 1591 915 terat,

975 920 1105 989 Candide,
1123 922 1206 981 chare
1220 924 1292 991 vele,
1303 925 1584 1003 charissimesernpar
1596 930 1712 1004 ubique,

1010 1009 1092 1066 l’usic
1106 1010 1262 1080 candidule,
1277 1014 1396 1074 candide
1408 1016 1523 1098 pusiole.

1183 1160 1220 1200 ΑΙ)
1230 1161 1416 1205 GOTABERTUH
1427 1165 1568 1208 tntbtctsx.

974 1247 1036 1304 Non
1050 1249 1139 1322 magis
1155 1258 1270 1310 estuato
1283 1253 1375 1312 letata
1389 1256 1498 1315 Verona
1507 1257 1619 1318 Catullo

1009 1337 1120 1394 blantua
1134 1355 1185 1398 nec
1193 1349 1298 1399 tantum
1306 1343 1368 1415 ipsa
1381 1346 1496 1405 Marone
1509 1364 1570 1419 suo,

974 1426 1071 1484 Laetior
1085 1436 1131 1482 aut
1145 1429 1239 1485 Hellas
1252 1447 1382 1505 magnum
1397 1432 1526 1491 fundebat
1548 1439 1711 1504 Homerum,

1007 1515 1134 1572 Corduba
1143 1517 1186 1574 vel
1202 1519 1322 1577 Senecas
1332 1519 1404 1577 misit
1419 1522 1520 1595 etipsa
1534 1525 1617 1597 duos,

973 1602 1063 1674 Quam
1076 1613 1112 1672 te,
1134 1606 1157 1662 si
1171 1607 1276 1674 valeas,
1292 1619 1400 1667 crescet
1413 1611 1527 1670 docwre
1541 1614 1679 1686 licinum,

1010 1693 1155 1750 Fortunate
1167 1710 1247 1768 puer,
1262 1697 1367 1754 Tullius
1378 1699 1448 1757 alter
1462 1701 1526 1758 en's.

974 1780 1018 1836 Sis
1032 1781 1187 1856 quicunque
1200 1784 1271 1854 vale,
1284 1785 1327 1843 uel
1341 1787 1379 1842 sis
1394 1789 1548 1866 quicunque
1564 1790 1676 1850 futurus

1009 1869 1109 1927 Noster
1121 1870 1186 1940 eris,
1200 1872 1296 1930 ualens
1309 1875 1449 1947 poscimus
1463 1876 1491 1934 in
1504 1879 1635 1939 Domino.

1088 1998 1254 2043 inmolant
1281 2003 1489 2050 sucurram
1501 2009 1614 2053 eluant
1622 2008 1648 2053 b.

972 2090 1086 2148 Culmen
1099 2094 1241 2164 apostolici
1250 2097 1484 2167 coepistinominis
1500 2101 1593 2160 lieres

1007 2179 1121 2237 Actibus
1135 2188 1163 2238 et
1175 2183 1278 2254 uerbis,
1294 2187 1481 2256 promeruisse
1495 2189 1556 2259 tibi,

973 2267 1026 2337 Qui
1040 2267 1083 2323 bis
1099 2285 1166 2326 sena
1187 2287 1237 2328 suo
1249 2273 1375 2347 preelegit
1381 2284 1495 2346 pectora
1501 2276 1577 2336 dono

1007 2355 1090 2413 Novit
1103 2356 1267 2416 Strabonem
1279 2369 1306 2418 ts
1320 2362 1438 2420 retinere
1453 2364 1557 2423 animo.

973 2444 1088 2500 Gaudeo
1102 2461 1157 2502 uon
1171 2455 1272 2504 tanturn
1283 2451 1458 2524 mundiquod
1478 2469 1615 2526 prospare
1628 2455 1734 2526 rident,

1007 2531 1146 2615 Quantum
1159 2537 1233 2607 quod
1244 2539 1350 2595 cunctis
1362 2555 1413 2611 pro
1428 2541 1549 2600 bonitate
1564 2543 1671 2614 places.

972 2621 1030 2679 lloc
1043 2637 1189 2681 commune
1202 2626 1283 2682 malis
1296 2627 1357 2684 ficri
1367 2629 1433 2701 quis
1447 2646 1522 2703 saepe
1536 2632 1667 2692 uidemus

1008 2710 1078 2767 lllud
1091 2713 1193 2771 babent
1206 2715 1268 2783 soli,
1284 2716 1331 2789 qui
1344 2718 1472 2789 placuere
1489 2721 1560 2778 Deo.

971 2798 1033 2855 Non
1049 2800 1095 2857 dat
1108 2801 1199 2859 bonor
1213 2805 1349 2872 meritum,
1365 2807 1472 2864 meritis
1486 2810 1536 2866 sed
1549 2810 1675 2869 redditus
1697 2812 1765 2886 ipse,

1005 2888 1065 2946 Nec
1079 2891 1200 2961 peritura
1213 2891 1299 2964 ligant
1313 2903 1426 2967 pectora
1440 2896 1521 2968 plene
1536 2899 1606 2957 Deo.

972 2977 1005 3034 Ut
1018 2976 1085 3043 sale,
1103 2994 1176 3049 rore,
1187 2980 1288 3036 ducum
1303 2982 1389 3051 iacie;
1401 2999 1476 3054 caro,
1488 2987 1626 3058 gramina,
1643 2989 1724 3061 bella,

1004 3243 1090 3300 Unius
1103 3244 1239 3318 siquidem
1247 3232 1373 3304 membra
1385 3266 1480 3307 sumus
1494 3252 1603 3325 capitis.

1181 3377 1219 3420 aa
1234 3379 1387 3424 consenuit
1400 3383 1536 3428 comm

967 3469 1008 3524 Et
1022 3493 1076 3549 qno
1090 3478 1246 3552 percipiens
1257 3483 1502 3556 vestraepraeccnis
1516 3485 1599 3544 ferna

1002 3566 1038 3621 Et
1051 3566 1151 3624 crebra
1165 3576 1193 3625 et
1206 3585 1282 3638 uera,
1298 3572 1369 3629 banc
1382 3573 1490 3632 radone
1504 3573 1573 3633 bibi.

967 3651 1098 3712 Obscuris
1112 3657 1176 3714 licet
1188 3657 1310 3730 ingenio,
1321 3661 1459 3718 natalibus
1473 3671 1566 3736 etque,

1001 3743 1180 3818 congaudere
1194 3747 1297 3816 animo,
1314 3748 1442 3809 laudibus
1456 3751 1500 3809 lais
1511 3752 1618 3810 studui.

964 3831 1079 3905 ligimus
1086 3834 1147 3904 hcc,
1162 3835 1269 3910 aqimus
1284 3853 1356 3897 nuuc
1379 3839 1480 3912 ipsum,
1496 3857 1610 3918 semper
1634 3856 1757 3921 egemus.

999 3922 1069 3979 Dum
1083 3922 1171 3979 vitalis
1185 3923 1361 3998 aletpectors
1374 3935 1468 3987 nostra
1482 3929 1571 3990 calor.

966 4007 1103 4083 Quidquid
1124 4011 1197 4071 enim
1211 4030 1324 4087 possum
1340 4015 1420 4089 acto,
1435 4033 1529 4091 prece,
1543 4019 1642 4089 corda,
1657 4018 1762 4100 amco

999 4098 1058 4156 lloc
1071 4106 1156 4157 totum
1166 4110 1258 4160 uestro
1272 4104 1400 4178 mancipo
1414 4107 1527 4165 seruitio

963 4185 999 4243 Et
1012 4186 1036 4242 si
1049 4203 1104 4249 non
1117 4186 1199 4246 luerit
1211 4206 1336 4262 vacuum,
1348 4194 1497 4266 praesentia
1512 4213 1567 4271 quo
1577 4213 1624 4258 me

998 4275 1098 4332 Vestra
1111 4277 1219 4346 hilaret,
1235 4289 1326 4338 mente
1339 4298 1389 4340 vos
1402 4291 1494 4341 minen
1508 4284 1631 4346 intueor.

926 4363 1068 4440 pitilibus
1083 4367 1208 4439 experiar
1220 4366 1311 4438 dictis,
1321 4369 1437 4429 liceatne
1452 4371 1554 4431 volenti

1000 4452 1069 4511 Hinc
1083 4455 1149 4510 mibi
1164 4455 1244 4527 plura
1260 4458 1347 4514 sacris
1359 4460 1472 4518 credere
1491 4461 1565 4520 dicta
1579 4462 1662 4524 nobs.

963 4542 1034 4599 Nam
1048 4543 1110 4599 data
1123 4543 1146 4600 si
1164 4542 1245 4601 suerit
1259 4548 1370 4604 tandem
1385 4546 1487 4607 fiducia
1497 4548 1576 4608 sandi

999 4632 1055 4687 llos
1068 4648 1153 4704 penes
1167 4633 1240 4690 haud
1254 4645 1317 4708 apto
1332 4644 1456 4711 tempore
1467 4647 1558 4696 mutus
1569 4655 1630 4698 aro.

962 4717 1355 4794 Nobilitstisapex,bominurn
1372 4733 1451 4799 pater
1469 4743 1541 4784 unus
1556 4736 1584 4786 et
1605 4744 1665 4789 una

998 4808 1167 4881 Pauperibus
1180 4825 1312 4882 proceres
1327 4814 1483 4873 conditione
1495 4814 1588 4890 Ιίειιιιι

963 4896 1205 4966 Virtutemvitam,
1218 4915 1368 4976 pacemque
1383 4903 1411 4959 in
1425 4903 1528 4962 saeeula
1543 4913 1668 4965 vestram

997 4985 1160 5060 Ampliticet,
1175 4987 1275 5060 firmet,
1292 4991 1463 5065 multiplicet,
1484 4993 1587 5054 foueat.

1190 5102 1228 5145 sn
1241 5103 1429 5147 cumennora
1444 5105 1557 5150 meurs.

112 5165 157 5223 Sis
184 5179 288 5222 memor
301 5167 329 5224 in
341 5171 479 5245 precibus,
493 5173 588 5230 reddis
612 5174 677 5229 dura
697 5181 761 5231 uota
796 5173 911 5232 Tcnmti
960 5183 1065 5257 Exque
1078 5182 1152 5243 mma
1166 5184 1204 5243 tui
1212 5186 1351 5246 celebrem
1363 5186 1558 5249 mihinominia
1571 5206 1670 5253 euram

140 5361 260 5414 rutsltcrn
268 5360 362 5412 orbem.
374 5363 477 5422 baum..
491 5369 543 5417 not
555 5379 603 5418 rue.

898 5404 901 5408 ·
960 5381 1071 5431 rmrunt
1079 5380 1335 5444 tattarprnceptcres
1346 5383 1426 5438 ttdarn
1437 5397 1466 5437 ec
1476 5387 1584 5439 corsttss
1594 5388 1761 5451 petitum·

138 5440 154 5483 ι
168 5431 230 5494 Quis
239 5432 273 5483 stt
282 5434 423 5492 preceptor
436 5436 522 5492 polattt
533 5440 642 5497 exaltent
656 5441 718 5490 altat
744 5442 908 5492 wulstrldns:
960 5450 1064 5499 ttlsnrtts
1079 5453 1163 5502 causta
1177 5453 1297 5504 civilibus
1310 5457 1454 5507 demandatt
1473 5458 1624 5520 saductus.
1648 5464 1750 5531 namq

113 5501 366 5559 «Quemadmodum.
384 5501 479 5562 iuquit,
492 5507 551 5552 eunt
569 5506 596 5552 tn
613 5509 716 5566 palsttls
740 5513 909 5568 preceptores

112 5571 154 5621 vol
168 5571 275 5629 conitus
287 5573 423 5634 pslatlinut
444 5574 605 5626 secusium
615 5590 705 5631 causas
714 5581 846 5631 ventitant.
862 5597 873 5624 ι
