3772 6112
25 1918 29 1923 ,
126 1862 297 1930 Generalem,
315 1863 376 1936 quia
390 1881 423 1918 ex
436 1878 470 1920 ea
483 1879 564 1921 omne
578 1865 690 1920 malurn.
706 1863 876 1922 Nesciebam.
894 1864 924 1919 ln

126 238 174 292 tat
391 236 593 294 waltrami
612 234 733 292 staanl
751 232 853 291 FULD.
872 230 959 289 ΜΟΝ.
980 230 1057 288 OPP.
1078 230 1166 288 etas
1184 230 1206 287 1.
1222 259 1257 274 -
1275 229 1511 288 annotantes.

127 368 169 416 est
180 378 187 416 ε
198 369 339 432 peccatum
356 359 588 435 lecitagnoscere,
602 361 665 432 quia
679 359 754 431 prius
769 356 970 417 nesciebam-A
1017 357 1099 412 Nam.
1116 354 1200 425 Quasi
1216 355 1289 412 dicat
1303 375 1311 412 :
1327 356 1471 425 Quomodo
1492 356 1561 411 mibi
1583 355 1681 413 detrun

127 456 172 504 tur
186 450 309 523 quaedam
324 450 368 507 vel
383 467 443 506 esse
460 459 581 521 peecata,
607 448 650 505 vel
664 449 733 504 adeo
743 463 810 504 esse
824 446 925 520 gravia,
978 446 1111 501 morteml
1134 445 1204 514 Quia
1228 461 1277 515 per
1300 445 1367 501 illud
1388 446 1515 501 seductus
1539 443 1612 501 falsa
1624 443 1687 503 autu

129 537 174 594 vel
193 554 255 594 esse
268 538 414 610 punienda.
438 539 526 595 ttstt.
550 538 602 595 Sed
624 541 781 610 peccatum.
803 535 929 592 Ostendit
979 534 1129 591 Occasione
1145 538 1271 607 accepto,
1287 542 1330 591 etc
1348 532 1427 602 Quod
1445 531 1687 604 concupiscitur,l

129 626 221 698 legem
235 643 288 682 non
304 642 365 682 esse
380 634 532 698 peccatum,
551 625 599 682 sed
623 626 740 683 indicem
754 624 859 697 peceati
874 642 881 678 :
897 630 927 679 ιιι
978 623 1036 679 cius
1052 623 1117 678 dum
1132 630 1246 692 vetatur,
1263 630 1289 679 et
1302 621 1343 680 sic
1357 621 1424 678 fallit
1438 630 1582 694 peccatum
1597 638 1650 695 per
1665 638 1687 681 n

130 715 169 770 sic
182 714 274 770 anima
288 722 377 770 reatus
394 714 574 771 sollicitudine
595 714 629 769 ud
643 713 847 787 percipiendam
860 727 927 786 gra·
978 718 1044 766 tum.
1067 711 1108 766 Ex
1129 711 1322 782 prohibitione,
1346 727 1462 783 namque
1486 711 1533 766 ubi
1551 711 1677 771 charitas

66 846 76 859 .
131 802 195 858 tium
211 810 423 859 converteretur.
977 798 1145 855 desiderium
1159 798 1336 856 meliorescit
1353 816 1359 854 :
1376 815 1429 872 quo
1451 807 1511 856 acto
1535 798 1644 857 dulcius
1663 796 1687 857 O

164 891 260 964 (Auo.)
274 891 362 947 Absit.
379 892 439 948 Uno
457 891 542 948 verbo
556 890 647 963 legem
661 890 785 962 absolvit,
800 897 865 956 etc„
879 905 927 946 cs-
976 887 1147 959 prohibetur,
1164 896 1191 945 et
1204 888 1241 964 ita
1254 887 1323 944 fallit
1342 886 1412 944 lalsa
1426 887 1580 945 dulcedine.
1597 885 1687 947 Fallat

128 995 180 1052 quc
194 980 229 1035 od
245 994 342 1051 magna
355 986 397 1035 est
412 980 536 1051 Apostoli
551 980 722 1037 defendentis
735 979 889 1036 auctoritas.
975 975 1090 1032 dulcedo
1106 985 1157 1047 est,
1174 992 1256 1050 qnam
1279 972 1373 1048 piures
1395 983 1476 1049 atque
1499 977 1622 1047 majores
1634 991 1687 1050 pan

162 1067 294 1138 (Tnsoo.)
307 1067 375 1123 lllud
388 1076 489 1136 autern,
503 1070 564 1125 Noc
574 1071 698 1141 copnovi,
714 1075 741 1125 et
753 1068 924 1134 Nescicbom,
976 1064 1170 1120 amaritudines
1185 1073 1345 1137 sequuntur.
1356 1065 1486 1122 Seducit.
1502 1065 1610 1122 Abona
1625 1064 1664 1122 ad
1677 1082 1687 1123 t

126 1171 181 1211 non
196 1155 241 1211 bic
256 1157 455 1227 ignorationem
476 1157 587 1213 omnino
611 1157 776 1228 significant,
802 1156 850 1212 sed
875 1157 926 1211 boc
975 1151 1067 1220 traxit,
1084 1161 1111 1209 et
1124 1169 1174 1225 par
1196 1155 1248 1210 boc
1271 1153 1458 1210 ad'retemam
1482 1154 1687 1211 damnatione·

127 1244 192 1300 dicit
209 1261 215 1298 :
232 1244 368 1300 Naturalis
383 1245 555 1301 discretionis
580 1246 742 1302 exactiorem
756 1245 816 1316 cepi
830 1243 926 1318 cogni·
975 1241 1061 1297 duxit.

126 1332 227 1388 tionem
242 1349 291 1404 per
304 1332 404 1406 legem.
1013 1331 1129 1387 Occidit.
1146 1330 1242 1402 (Aac.)
1265 1330 1362 1387 Gladio
1385 1339 1431 1388 tuo
1453 1347 1534 1404 quern
1553 1331 1687 1403 portabas

162 1422 234 1478 Num
249 1423 518 1495 concupiscentium.
534 1423 592 1479 lloc
607 1421 674 1496 legit
685 1421 831 1494 Apostolus
841 1437 926 1493 gene·
975 1435 1061 1492 usquc
1076 1419 1112 1475 ad
1126 1428 1186 1476 esto
1200 1436 1268 1492 ergo
1281 1421 1392 1475 humilis
1406 1429 1434 1476 et
1447 1421 1550 1491 poteris
1564 1421 1687 1479 vincera.

126 1509 193 1580 rale,
208 1510 280 1565 unde
294 1509 394 1565 omnia.
409 1511 484 1565 Bona
497 1510 551 1577 lox,
567 1511 706 1583 quaedum
722 1511 774 1567 hoc
789 1510 923 1582 prohibet,
983 1497 988 1504 ’
1011 1535 1096 1591 Vm·
1114 1539 1156 1593 η.
1173 1567 1208 1577 -
1222 1537 1318 1610 mque
1336 1538 1383 1594 ιη
1398 1538 1520 1611 quidem·
1536 1536 1600 1610 [psa
1612 1544 1687 1595 es„

125 1597 361 1670 omniaprolribet.
377 1599 649 1672 concupiscentium.
665 1597 754 1672 ntiqui
769 1598 924 1672 generalem
975 1639 1040 1679 ,ane
1054 1624 1168 1681 docens·
1183 1626 1219 1682 E,
1233 1625 1402 1682 mandatum
1433 1625 1461 1683 id
1487 1635 1530 1682 es,
1552 1625 1627 1700 quod
1651 1640 1687 1701 μ

125 1684 288 1760 intelligunt.
302 1685 355 1742 nn
369 1687 445 1742 ruam
459 1687 493 1742 ae
507 1687 598 1759 quain
611 1687 767 1762 namugo:
784 1689 845 1745 non
859 1703 960 1776 coa-B
973 1712 1139 1785 mmmm,
1404 1668 1412 1695 ¹

126 1777 253 1848 cupiscas
263 1792 324 1832 rem
337 1777 464 1848 proximi
484 1777 528 1832 tui
546 1777 590 1832 vei
605 1792 724 1833 acorem
739 1775 839 1847 (Ecca.
855 1773 920 1847 xx).
1012 1822 1160 1887 sanctum,
1170 1820 1197 1875 in
1211 1836 1252 1876 se.
1268 1822 1304 1877 Et
1311 1823 1435 1893 justum,
1452 1821 1481 1877 id
1495 1821 1687 1893 estjustffim,

974 1916 1104 1966 calorem.
1122 1912 1156 1965 at
1171 1910 1284 1967 bonum.
1306 1910 1337 1966 ld
1359 1918 1400 1966 est
1424 1910 1500 1980 utile,
1516 1911 1687 1986 anquirensi

973 1998 1008 2053 Et
1023 2013 1084 2053 cum
1099 1982 1204 2054 con'stet
1218 1998 1284 2053 mihi
1297 1999 1370 2085 qpod
1385 1999 1428 2055 lex
1448 2000 1528 2067 bona,
1545 2008 1572 2056 et
1586 2007 1681 2059 nmen

159 2069 245 2127 Vns·
262 2073 289 2126 ⁸·
302 2100 336 2111 ··
353 2071 503 2129 0⁶⁶⁰⁸i0123
521 2074 619 2128 ‘1¹le
634 2073 760 2143 wellia·
778 2067 849 2140 Quia
863 2069 924 2125 1³5⁸
972 2086 1038 2140 mibi
1054 2102 1139 2153 mors,
1160 2094 1189 2141 ut
1204 2103 1286 2157 supra
1301 2088 1401 2144 dictum
1424 2097 1474 2156 est,
1501 2106 1569 2162 erge
1585 2088 1687 2163 quedl

122 2164 267 2215 estnostra
279 2159 433 2227 carnalitas,
457 2167 486 2215 ut
508 2158 647 2215 ardentius
670 2157 807 2214 desideret
825 2157 922 2229 prohi-
973 2183 1023 2240 051.
1040 2173 1142 2231 factum
1156 2183 1198 2231 esp
1211 2192 1295 2244 mors,
1322 2177 1349 2232 id
1369 2185 1410 2233 es,
1433 2178 1511 2234 datur
1532 2179 1599 2234 mihi
1623 2179 1687 2237 ab,

122 2246 177 2302 bila
194 2264 200 2302 ²
218 2247 314 2320 ‘imbus
337 2263 393 2304 1¹⁰ss
415 2248 582 2314 memmii&
601 2247 704 2317 l'iceret
725 2246 805 2319 ‘imi
825 2245 922 2318 sopita.
971 2271 1001 2318 ut
1016 2263 1038 2318 si
1060 2262 1180 2320 efficiens
1203 2280 1287 2320 causa
1311 2265 1429 2321 mortis?
1449 2267 1511 2322 Non
1528 2284 1534 2320 :
1551 2267 1602 2323 sed
1630 2267 1687 2325 lom

121 2336 157 2391 Ei
171 2335 295 2393 diabolus
308 2336 404 2393 videns
419 2337 509 2409 legem
524 2336 553 2391 in
569 2335 696 2392 auxilium
712 2334 866 2392 hominihus
880 2335 923 2391 da·
972 2351 1101 2421 efficiens,
1118 2353 1164 2425 qui
1176 2354 1275 2409 bonam
1288 2369 1345 2408 rem
1361 2354 1441 2410 vertit
1456 2354 1484 2409 in
1499 2355 1612 2412 malum·

127 2431 193 2493 tam,
210 2426 299 2498 magis
314 2426 414 2482 exarsit
428 2433 456 2482 et
469 2425 559 2500 magis
580 2425 685 2490 institit,
710 2432 738 2480 nt
757 2439 818 2481 eam
832 2431 923 2481 verte·

126 2521 168 2570 ret
182 2513 235 2569 illis
249 2513 278 2568 in
292 2514 451 2585 perniciem,
463 2531 525 2571 curu
538 2514 615 2585 prius
629 2512 707 2586 quasi
721 2529 818 2569 secure
830 2513 923 2584 possi·
971 2555 1001 2601 ut
1016 2547 1060 2614 sit,
1085 2547 1150 2620 quia
1173 2547 1253 2602 eliam
1276 2555 1342 2613 em„
1363 2549 1472 2620 quando
1492 2565 1547 2605 non
1568 2550 1687 2623 apparel]

120 2602 190 2658 dens
205 2603 296 2658 minus
308 2610 431 2672 tentaret,
455 2602 499 2660 vel
523 2602 666 2658 occasione
685 2609 798 2674 accepta
812 2601 840 2656 in
855 2601 922 2675 ipsis
971 2652 1062 2707 supra·
1078 2635 1331 2709 Concupiscentiam
1353 2637 1520 2693 nesciebam·
1540 2639 1602 2695 Non
1616 2638 1687 2697 dim

122 2691 217 2758 rebus,
232 2698 260 2746 ιιι
275 2691 334 2749 visa
347 2691 462 2747 muliere
476 2691 519 2747 vel
535 2706 610 2747 curo.
970 2724 1115 2780 habebam,

154 2796 251 2870 (Aac.)
268 2796 357 2853 llinor
375 2806 433 2853 erat
446 2796 666 2868 concupiscentia
681 2796 790 2868 quaudo
806 2803 868 2852 ante
881 2796 920 2853 le·
1006 2833 1060 2887 Per
1075 2832 1187 2887 bonum·
1204 2830 1315 2903 Legem.
1338 2833 1401 2889 Non
1419 2832 1511 2906 mique
1526 2832 1687 2893 efficientem

117 2902 182 2958 gem
201 2901 312 2943 seculus
334 2886 479 2985 nectebas·
506 2894 570 2954 0¹⁰u
594 2901 682 2959 “W
706 2885 743 2941 “d
763 2885 852 2943 (ΜΒ
867 2893 919 2953 est,
970 2926 1070 2986 catum,
1094 2919 1144 2975 sed
1166 2920 1258 2991 potius
1280 2921 1514 2978 demonstrantem
1532 2931 1560 2979 et
1579 2923 1687 2996 prohsstt

117 2974 225 3047 quando
240 2975 407 3031 transcendit
420 2976 521 3046 legem.
969 3005 1045 3063 Μ,

124 1967 172 2006 sua
186 1966 303 2023 persona
318 1951 473 2024 generalem
488 1952 546 2026 agit
559 1968 680 2010 cansam.

1008 2458 1253 2517 Vans.13.—llt
1277 2464 1414 2532 appareat
1435 2465 1596 2534 peccatum.
1620 2460 1686 2519 Nan

151 3071 267 3143 (Anum)
283 3071 402 3127 Omnem
417 3071 686 3143 concupiscentium,
699 3070 803 3139 dicens,
819 3077 952 3142 cunctaG
1006 3097 1040 3154 pp
1053 3096 1106 3166 fiat
1120 3110 1208 3169 ,upra
1221 3097 1345 3155 modum,
1361 3096 1432 3166 Quia
1453 3115 1502 3171 pes
1520 3099 1612 3174 legem
1626 3115 1684 3159 110„

114 3168 228 3231 1³3⁰cala
241 3159 343 3232 Signat·
362 3160 429 3214 Erat
448 3158 521 3214 enim
542 3167 605 3214 ³⁰²2
628 3167 780 3230 pe⁰⁰³¹¹¹¹¹¹r
797 3159 845 3216 κά
859 3175 914 3216 ⁰⁰¹¹
967 3183 1013 3250 eit,
1029 3183 1078 3239 sed
1087 3184 1177 3252 magis
1191 3184 1277 3240 solitis
1292 3185 1484 3257 cupiditatibus
1499 3188 1593 3245 crevit.

114 3263 206 3314 omne,
223 3248 332 3320 quando
347 3247 449 3303 crimen
463 3246 693 3318 prevaricationis
707 3248 796 3305 adhuc
809 3247 913 3304 deerat.

115 3335 169 3393 Sed
183 3352 265 3392 omne
279 3343 421 3408 peccatum
430 3336 513 3393 modu
527 3335 652 3403 accessit,
670 3335 733 3408 quia
747 3336 830 3393 etiam
843 3353 914 3408 prae-

114 3424 256 3481 varicatio.

149 3522 246 3592 (Ano.)
262 3524 348 3577 Aucta
362 3529 404 3577 est
418 3521 490 3578 euim
505 3520 728 3594 concupiscentia
747 3537 780 3578 ex
794 3521 915 3593 prohibi·

113 3608 186 3666 tione
200 3610 282 3682 legis,
295 3611 403 3682 quando
417 3610 505 3668 adbuc
518 3610 607 3682 gratia
622 3610 717 3666 deerat
726 3610 878 3667 liberantis.

1004 3299 1088 3355 ans.
1106 3300 1150 3353 tt.
1164 3328 1200 3340 -
1213 3300 1268 3372 Epo
1282 3304 1388 3357 cctam.
1415 3302 1562 3376 Hucusque
1576 3302 1687 3376 legem·

968 3387 1047 3457 savit,
1070 3388 1144 3459 quod
1175 3403 1230 3444 non
1251 3389 1334 3445 debet
1357 3389 1465 3446 relnndi
1490 3391 1518 3448 in
1542 3408 1603 3449 eam
1617 3393 1687 3467 enlpt

968 3474 1041 3543 dicit,
1057 3477 1131 3548 quod
1146 3492 1198 3533 nec
1212 3477 1240 3531 iu
1254 3477 1433 3549 principalem
1448 3481 1675 3549 naturam,i‹lest

967 3579 1040 3632 nem,
1057 3565 1205 3620 secundnm
1219 3565 1264 3621 bic
1279 3567 1379 3638 quoda
1394 3568 1453 3624 Deo
1468 3569 1567 3638 habet;
1583 3577 1611 3626 et
1625 3569 1687 3629 ite‘t

967 3653 1132 3722 Creatorem,
1148 3654 1238 3709 sedin
1258 3654 1393 3725 homiues,
1410 3656 1456 3728 <mi
1480 3674 1513 3713 ex
1536 3674 1568 3714 se
1588 3658 1677 3717 vitiati

148 3727 233 3782 ΨΜ·
252 3730 278 3781 9·
295 3757 330 3766 ··
343 3728 399 3799 590
410 3730 507 3783 autem
516 3727 650 3783 vivebam·
666 3726 742 3781 Ρθῑθῑ
759 3744 765 3780 ²
782 3724 846 3798 ‘luia
860 3740 915 3781 ¹¹⁰⁰
966 3750 995 3797 ιιι
1008 3742 1102 3813 pravis
1116 3742 1235 3799 motibus
1249 3743 1375 3801 resistere
1386 3755 1531 3818 nequeant.
1546 3748 1680 3807 Carnutis

113 3831 147 3871 ex
162 3830 221 3881 sue.
239 3814 287 3869 sed
312 3831 346 3869 ex
369 3830 485 3886 rereene
508 3813 625 3870 hominis
649 3812 815 3887 generaliter
828 3812 915 3886 louei-
966 3830 1028 3886 Non
1041 3830 1199 3887 innccenter
1212 3832 1265 3888 noe
1279 3833 1360 3888 eum
1375 3834 1410 3890 ae
1424 3835 1515 3906 serpso
1529 3836 1594 3893 aren
1608 3839 1687 3911 apos

111 3910 163 3958 tur.
194 3904 250 3975 Epo
283 3908 380 3959 cutem
401 3905 534 3960 vivebam.
559 3903 629 3957 Nota
651 3904 721 3958 duos
744 3902 868 3958 homines
887 3902 914 3956 in
966 3919 1117 3974 secundum
1132 3936 1241 3976 gamem
1257 3921 1376 3992 quandiu
1391 3923 1436 3979 hic
1451 3922 1525 3992 vivit,
1551 3933 1687 3997 propper,

112 3991 219 4060 eodem,
251 3990 408 4047 interiorem
437 4000 464 4047 et
493 3991 670 4056 exteriorem,
703 3991 731 4046 id
759 3998 800 4046 est
828 3990 915 4046 ratio·
965 4014 1064 4062 morus,
1081 4008 1183 4065 1321,oe
1199 4009 1268 4065 bene
1283 4010 1349 4065 drop
1372 4011 1461 4065 munis
1475 4020 1595 4069 sanctus,
1618 4016 1687 4072 pem

111 4095 175 4136 nem
191 4087 218 4135 et
233 4077 364 4144 fomitem,
381 4079 426 4151 qui
442 4088 484 4134 est
505 4079 534 4134 in
559 4094 652 4135 carne.
674 4079 835 4135 Interiorem
850 4079 916 4136 dicit
967 4099 1013 4152 pu,
1028 4097 1078 4153 ,up
1086 4102 1211 4169 peccato,
1227 4097 1262 4152 pp
1277 4098 1329 4154 boc
1344 4114 1378 4154 ex
1392 4100 1470 4172 culpa
1484 4101 1687 4173 primjhomffi,

111 4167 268 4226 consentire
278 4167 342 4239 legi,
357 4175 385 4223 et
400 4168 457 4236 ejus
468 4167 623 4223 testimonio
634 4168 735 4224 bonam
748 4184 810 4224 esse
824 4167 915 4240 legem
966 4200 1017 4257 pm
1030 4184 1210 4241 (peremptione
1224 4185 1278 4241 cibi
1292 4187 1377 4256 pepp,
1394 4205 1424 4244 se
1440 4198 1467 4244 ep
1476 4206 1573 4247 omne,
1587 4191 1687 4250 3110„

110 4261 253 4328 approbat.
269 4255 441 4313 Exteriorem
454 4272 521 4312 vero
535 4256 832 4313 contrainterioremet
846 4273 915 4313 con·
966 4273 1014 4328 dp,
1030 4273 1090 4343 pel,
1107 4274 1157 4329 sub
1172 4283 1294 4345 pemmo,
1321 4276 1348 4331 ,d
1369 4284 1410 4332 esp
1432 4278 1503 4333 ,ervi
1516 4278 1622 4350 peccati
1636 4279 1687 4337 ,inp

111 4353 155 4401 iffi
169 4345 258 4418 legem
275 4361 432 4418 repugnare
447 4354 474 4401 θῑ
488 4344 626 4417 ⁰1¹1)filare
644 4354 670 4401 θῑ
689 4361 738 4417 Pfll
754 4345 845 4419 legem
859 4363 916 4401 ¹¹¹³·
965 4362 1152 4434 unusquisque
1172 4363 1293 4419 vendidit
1317 4381 1347 4421 se
1369 4367 1564 4424 consuetudine
1579 4369 1687 4443 proprie

107 4434 195 4504 iorem
209 4443 373 4506 potestatem
384 4435 519 4505 peccandi
532 4433 645 4490 habere.
666 4435 718 4492 Sed
733 4451 799 4492 curn
816 4437 911 4492 cemm-
925 4435 1085 4506 Dlunratis,

111 4527 162 4589 set,
175 4532 228 4580 etc.
243 4525 293 4580 llic
308 4524 446 4581 secundus
469 4531 545 4580 actus
567 4523 617 4578 snb
640 4522 711 4595 lege.
738 4523 768 4579 ld
783 4531 825 4581 est
840 4542 847 4578 :
863 4524 912 4580 Hic

112 4610 232 4682 loquitur
247 4612 392 4683 Apostolus
407 4612 435 4667 iu
451 4620 522 4668 statu
544 4611 662 4667 hominis
677 4611 757 4683 positi
772 4612 823 4667 sub
838 4612 910 4685 lege.

113 4701 235 4756 Reuicit.
252 4700 339 4771 Coepit
355 4716 487 4772 apparere
508 4709 535 4757 et
558 4701 706 4757 rebellare.
724 4702 847 4767 devicit,
863 4701 910 4771 ait,

112 4802 167 4843 non
181 4787 256 4844 uixit.
269 4787 378 4843 vixerat
393 4790 466 4845 enim
479 4787 624 4862 aliquando
639 4789 668 4844 in
681 4789 818 4860 paradiso,
830 4805 911 4862 quan·

113 4874 256 4930 decontra
274 4884 438 4947 praeceptum
454 4878 546 4933 datum
570 4878 637 4934 satis
651 4878 797 4950 apparebat
811 4878 912 4933 admis-

112 4977 182 5017 sum.
199 4964 252 5019 Sed
266 4979 328 5020 crnn
338 4964 462 5021 homines
476 4966 700 5037 uatipeccatores
710 4968 770 5024 sine
783 4967 912 5023 mandato

114 5050 246 5119 viverent,
263 5060 390 5123 tanquam
406 5062 540 5109 mortuum
555 5055 656 5111 latebat
671 5056 729 5112 sine
744 5055 909 5130 cognitione,

114 5138 176 5211 quia
191 5139 249 5196 sine
265 5141 428 5197 cohibitione
446 5160 452 5196 :
469 5143 518 5197 sed
534 5143 595 5198 data
617 5144 688 5216 lege,
710 5145 737 5200 in
751 5145 844 5202 notitia
858 5146 911 5201 ho-

113 5227 195 5282 minis
206 5229 310 5297 revixit,
323 5230 396 5301 qnod
410 5231 437 5285 in
446 5230 538 5286 notitia
548 5231 629 5303 primi
639 5233 756 5289 bominis
764 5232 910 5306 aliquando

113 5317 227 5375 vixerat.

997 4566 1083 4621 Vens.
1100 4567 1143 4621 ld.
1167 4596 1201 4608 -
1223 4568 1298 4636 Quod
1322 4569 1399 4626 enim
1425 4586 1532 4644 operor.
1556 4570 1669 4641 Probat,

961 4670 1055 4710 servus
1070 4662 1111 4710 est
1124 4655 1229 4727 peccati
1246 4674 1253 4711 :
1268 4656 1333 4728 quia
1346 4657 1420 4730 quod
1443 4674 1540 4731 operor
1555 4660 1687 4719 emundat

961 4742 1087 4799 teriorem
1102 4743 1262 4800 dimittendo
1272 4745 1344 4801 bona
1354 4747 1397 4803 vel
1406 4746 1532 4804 iaciendo
1539 4748 1623 4818 mala
1642 4750 1687 4809 int

961 4831 1112 4886 secundum
1135 4832 1293 4888 interiorem
1318 4851 1372 4891 non
1395 4853 1457 4893 esse
1487 4838 1669 4909 operandum.

960 4933 1058 4991 operor
1074 4921 1147 4993 quod
1169 4938 1223 4978 non
1248 4922 1381 4997 intelligo,
1407 4925 1469 4996 quia
1492 4935 1519 4982 et
1542 4925 1687 4985 dimituts

961 5008 1034 5081 qnod
1049 5009 1121 5077 volo,
1142 5018 1169 5066 et
1185 5010 1254 5067 lacio
1268 5011 1687 5087 mulumquodn010.ltmtntc

960 5095 1032 5165 Quia
1045 5096 1117 5153 aliud
1132 5099 1212 5156 video
1225 5117 1270 5155 me
1285 5118 1336 5172 per
1350 5102 1438 5174 legem
1450 5102 1530 5171 scire,
1541 5111 1567 5160 et
1578 5103 1654 5161 uliud
1668 5119 1687 5163 ι

962 5186 1021 5242 Non
1046 5189 1124 5244 enim
1146 5190 1217 5262 quod
1239 5191 1299 5247 colo
1323 5190 1436 5258 bonnm,
1462 5193 1512 5249 boc
1538 5210 1601 5266 cpc;
1617 5194 1687 5253 aad«

961 5273 1103 5344 Subiectns
1118 5285 1239 5347 peceato,
1256 5277 1321 5334 lacit
1335 5280 1407 5353 quod
1422 5296 1477 5336 non
1492 5281 1558 5338 vult.
1580 5284 1675 5342 nacto.

961 5363 1081 5435 cupisco,
1097 5381 1152 5421 non
1168 5367 1241 5438 qnod
1260 5375 1322 5439 post
1344 5369 1590 5440 concupiscentiam
1615 5375 1687 5447 Apoe

147 5444 232 5501 Vsus.
251 5447 293 5501 l0.
309 5474 344 5485 -
359 5442 519 5503 inventum.
540 5447 609 5505 Ante
632 5455 689 5505 erat
703 5446 755 5503 sibi
769 5447 911 5522 ignoratus
961 5459 1011 5522 eat,
1027 5461 1054 5509 et
1069 5470 1131 5510 eum
1146 5455 1179 5509 ad
1195 5455 1265 5512 mala
1281 5458 1367 5513 trabat
1383 5476 1390 5512 :
1409 5457 1570 5529 luctabatur,
1595 5476 1652 5519 nen
1672 5480 1687 5520 s

111 5541 248 5605 peccator,
260 5534 310 5592 sed
324 5534 407 5591 modo
421 5534 508 5593 factus
529 5536 690 5594 manifestus
713 5536 765 5594 sibi
778 5537 910 5610 prevari·
960 5541 1073 5614 gabatur
1090 5561 1097 5599 :
1113 5543 1148 5601 de
1162 5560 1192 5601 se
1206 5546 1259 5602 hoc
1272 5545 1321 5602 tibi
1335 5547 1473 5620 proponit,
1490 5565 1525 5606 ne
1543 5549 1579 5607 de
1592 5550 1687 5613 hoedi

114 5630 199 5681 eatur.
960 5647 1007 5688 res
1020 5630 1048 5687 in
1062 5638 1098 5689 te.
