3772 6112
109 246 161 301 353
578 239 715 300 GLOSSA
728 239 933 300 OlelNthd.
948 239 1131 298 -EVANG.
1147 239 1224 300 LUC.
1714 246 1766 302 att

115 369 193 425 Onus
203 367 300 441 pocta,
319 382 412 424 unum
426 381 526 439 eorpus
539 369 626 424 malti
641 385 740 425 somus
758 368 784 439 (l
798 368 857 426 dor.
878 367 920 438 x).
932 366 961 459 g
974 365 1116 423 cicatrices
1129 373 1156 423 et
1168 375 1231 423 tunc
1245 364 1370 435 servavit,
1396 364 1464 422 etin
1484 365 1586 437 judicio
1610 375 1769 425 servaturus
1873 380 1878 395 ·

114 455 183 512 Cum
206 471 276 529 ergo
298 471 398 528 panem
423 455 596 512 benedictum
620 457 745 530 porrigit,
770 457 924 528 aperiuntur
952 466 1028 513 est.
1054 456 1144 512 Primo
1167 456 1200 511 ad
1229 455 1310 512 fidem
1340 455 1547 511 resurrectionis
1571 456 1767 512 astruendam:

112 545 184 601 oculi
199 553 230 600 nt
244 560 307 601 eum
324 552 505 618 cognoscant,
523 553 550 600 et
566 555 724 602 removetur
739 546 923 616 impedimen·
974 546 1073 602 deinde
1088 555 1116 601 ut
1129 546 1201 600 Patri
1216 560 1265 615 pro
1288 545 1367 600 nobis
1392 545 1557 617 supplicans,
1582 546 1660 617 quala
1681 560 1769 617 genus

116 641 172 689 tum
189 634 292 706 quoda
308 634 409 699 Satana
432 633 460 688 in
474 633 560 690 oculis
576 642 644 702 erat,
670 651 704 690 ne
727 641 924 707 agnosceretur
974 636 1069 690 mortis
1082 650 1133 705 pro
1147 634 1257 689 homine
1271 634 1411 704 pertulerit
1427 650 1534 705 semper
1549 634 1674 690 ostendat
1690 652 1697 688 :
1713 641 1770 689 ter-

115 722 205 777 tesus.
219 723 255 776 Et
271 723 323 778 hoc
338 721 564 793 impedimentum
578 722 707 794 permittit
721 723 813 778 inesse
827 722 920 777 Domi·
973 722 1020 792 tio,
1035 731 1064 778 ut
1078 740 1125 778 sua
1141 729 1227 778 morte
1242 723 1390 794 redemptis
1400 739 1480 795 quam
1495 722 1708 779 misericorditer
1718 722 1772 777 sint

115 825 165 865 nus
182 810 274 866 donec
287 810 321 864 ad
337 818 535 866 sacramentum
550 810 628 881 panis
643 811 774 866 veniatur.
792 811 847 867 Sed
862 827 923 880 par·
973 811 1065 880 adjuti,
1082 811 1229 882 propositis
1253 811 1374 879 ejusdem
1394 811 1490 866 mortis
1513 810 1630 865 insinuat
1652 810 1770 866 indiciis.

116 898 224 969 tieipata
241 898 342 954 unitate
358 899 488 970 corporis,
506 898 626 954 aufertur
640 898 863 971 impedimentum
876 898 925 954 iui·
974 899 1027 954 Sed
1042 907 1189 970 postremo,
1206 906 1234 954 ut
1248 899 1388 968 injudicio
1410 915 1490 971 quam
1512 899 1583 968 juste
1608 899 1772 956 damnentur

116 986 189 1055 mici,
207 996 239 1043 ut
255 986 342 1058 possit
357 987 480 1043 (luridus
494 988 618 1062 mosei.
973 986 1048 1058 impii
1062 987 1210 1053 denuntiet,
1228 995 1337 1042 ostensa
1351 1002 1432 1059 quarn
1451 988 1487 1042 ab
1510 987 1563 1041 illis
1582 987 1686 1058 aceepit
1700 988 1774 1044 cica-

152 1075 276 1132 Arcens.
295 1074 411 1148 (Gan.)
425 1075 559 1131 Exaudite
575 1091 710 1146 sermone,
723 1091 773 1132 eor
786 1076 859 1148 prius
869 1083 924 1131 tor·
973 1075 1050 1130 triae.
1064 1076 1125 1131 Non
1142 1091 1208 1147 ergo
1222 1090 1255 1130 ex
1275 1076 1431 1147 impotentia
1444 1075 1557 1149 curandi
1567 1075 1708 1132 cicatrices
1718 1092 1774 1132 sen·

111 1179 182 1236 pore
196 1163 397 1219 incredulitatis
418 1172 443 1219 et
467 1165 572 1218 timoris
595 1163 724 1236 frigidum
748 1165 814 1236 igne
837 1162 923 1220 saneti
973 1165 1054 1235 vavit,
1075 1165 1124 1220 sed
1149 1173 1178 1219 ut
1199 1175 1357 1236 perpetuum
1381 1164 1501 1222 victoriae
1524 1182 1580 1221 suae
1603 1164 1774 1222 circumferat

112 1250 236 1322 Spiritus
251 1259 277 1307 et
292 1267 447 1317 accensum,
464 1259 492 1306 ut
502 1252 559 1321 jam
574 1267 693 1322 superno
715 1251 852 1307 desiderio
876 1268 922 1306 ar·
973 1253 1149 1325 triumphum.

112 1340 192 1407 deat,
211 1348 240 1396 ει
253 1340 290 1395 ad
304 1340 469 1396 credendam
484 1340 625 1396 veritatem
641 1357 670 1395 se
689 1341 825 1396 extendat.
851 1340 923 1408 Quot
1009 1369 1095 1424 Vm
1114 1369 1157 1423 Η.
1169 1398 1203 1407 -
1214 1367 1325 1423 Habetis
1340 1368 1385 1424 Mc
1400 1367 1516 1441 aliquid·
1528 1369 1569 1423 Ad
1584 1365 1773 1423 insinuandam

110 1428 266 1501 praeceptis
280 1428 422 1484 instruitur
437 1429 527 1497 homo,
545 1428 673 1500 quasitot
688 1428 793 1485 facibus
813 1428 921 1484 inflatu·

111 1524 210 1571 mamr
971 1459 1111 1516 veritatem
1126 1456 1343 1526 resurrectionis
1362 1473 1416 1512 non
1431 1461 1517 1512 solum
1532 1457 1616 1528 tangi,
1642 1456 1690 1512 sed
1706 1469 1773 1512 con·
1817 1507 1820 1511 .

973 1547 1047 1602 vesci
1062 1545 1156 1614 voluit,
1174 1561 1228 1600 non
1243 1546 1316 1616 quod
1332 1546 1374 1601 vel
1390 1547 1449 1618 ipse
1464 1547 1507 1602 vel
1522 1562 1572 1601 nos
1594 1553 1657 1617 post
1679 1560 1773 1600 resur-

151 1621 244 1678 ΨΜ·
261 1623 305 1678 3⁸·
322 1652 357 1665 ···
372 1622 505 1679 summ
520 1623 666 1680 DOOO'W·
690 1622 751 1677 Jam
766 1618 840 1677 ΓΜ
862 1628 922 1677 ffl'fli
973 1634 1120 1692 rectionem
1135 1633 1196 1689 cibo
1211 1634 1359 1689 debeamus
1379 1635 1513 1706 indigere,
1540 1635 1589 1691 sed
1613 1641 1641 1689 ut
1664 1648 1773 1704 eorpus,

112 1711 193 1784 (Ιῦοἀ
209 1719 400 1767 resurrexerat
414 1711 493 1766 J⁰⁸¹¹⁵
510 1712 544 1766 ab
558 1712 611 1766 illis
625 1712 785 1770 mulieribus
800 1711 879 1780 sacta,
897 1717 958 1778 0ῑΒ
974 1740 1029 1780 non
1044 1724 1167 1795 spiritum
1191 1739 1252 1778 esse
1276 1723 1469 1791 manifestaret,
1493 1723 1664 1779 manducavit
1682 1729 1775 1793 potes·

112 1815 133 1855 ³
149 1799 607 1872 Si¹¹¹⁰¹¹f21³0¹f0ffliallllfl'llirlb
625 1802 683 1856 ¹1aess
697 1801 839 1872 l⁰fl¹¹⁰¹ltes
851 1799 928 1854 inve·
978 1821 1040 1878 tate,
1057 1828 1112 1867 non
1136 1811 1306 1866 necessitate.
1332 1812 1417 1868 Aliter
1440 1813 1566 1868 absorbet
1585 1826 1683 1883 aquam
1705 1817 1777 1866 terra

113 1896 223 1945 nerant
239 1888 283 1944 isti
298 1888 362 1956 duc,
380 1889 429 1944 sed
442 1896 469 1944 el
482 1889 534 1960 ipsi
547 1888 622 1960 prius
637 1888 780 1944 tudierflssl
794 1889 867 1961 qu⁰d
880 1905 925 1944 ΐθ·
977 1901 1072 1956 sitiens
1087 1900 1164 1954 aliter
1179 1900 1245 1955 solis
1259 1900 1350 1955 radius
1364 1901 1455 1957 calens
1471 1920 1478 1956 :
1494 1901 1540 1956 illa
1554 1899 1712 1972 indigentia,
1724 1897 1776 1953 isto

113 1984 296 2044 surrexerat,
314 1977 364 2033 scd
378 1977 524 2033 timuerunt
538 1978 631 2034 dicere
646 1977 729 2033 invia
744 1978 853 2050 quando
868 1985 927 2032 tan·
976 1988 1105 2061 potentia,

114 2065 265 2122 tummodo
277 2065 393 2138 angelos
406 2065 530 2122 dixerunt
548 2065 622 2122 visos
647 2066 816 2121 mulieribus.
842 2067 926 2138 Igno-

112 2163 215 2210 rantes
244 2155 318 2210 enim
344 2170 406 2210 eum
429 2171 490 2210 eum
515 2169 569 2227 quo
592 2154 778 2227 loquebantur,
803 2161 929 2226 poterant

114 2243 221 2299 timere
236 2259 272 2299 ne
295 2242 446 2298 inciderent
469 2242 497 2297 in
516 2259 612 2298 manus
635 2243 799 2313 Judaeomm,
825 2241 928 2315 siquid

111 2330 229 2404 passim
241 2331 364 2388 dicerent
378 2331 413 2386 de
426 2331 526 2387 Christi
543 2331 756 2387 resurrectione.

160 2430 247 2484 Vnus.
259 2431 304 2484 36.
315 2459 351 2470 -
365 2429 451 2486 Stetit
464 2431 554 2498 lesos,
583 2436 635 2486 etc.
660 2430 724 2485 llaec
745 2429 865 2485 ostensio
888 2438 928 2485 est

111 2516 179 2584 illa,
197 2517 232 2572 de
249 2533 303 2589 qua
317 2517 437 2573 mannes
450 2517 487 2573 ait
500 2517 592 2590 (loon.
610 2520 681 2588 nrt:
699 2518 767 2574 Corn
780 2533 840 2574 aero
855 2522 929 2574 esset

114 2606 180 2671 «tie,
196 2613 261 2673 etc,
280 2609 309 2661 et
323 2606 400 2661 dixit
413 2608 453 2662 ets
468 2625 477 2661 :
493 2608 556 2662 Poe
570 2606 654 2663 uobis.
680 2605 758 2674 Quod
772 2622 837 2661 vero
864 2606 929 2662 dicit

103 2693 241 2749 ‘'⁰³⁰⁰OE
256 2694 388 2750 Th⁰¹¹¹³m
402 2709 457 2749 ³⁰¹¹
474 2692 559 2749 fnisse
588 2710 650 2749 cum
663 2693 737 2748 ffliS‘
754 2709 816 2749 ΜΠ
840 2695 928 2750 L¹¹⁰³⁸
977 2722 1035 2777 Deo
1050 2721 1176 2791 sentiunt,
1193 2721 1228 2775 ab
1243 2737 1335 2776 amore
1350 2721 1463 2777 interna.¹
1486 2721 1638 2777 dulcedinis
1662 2736 1717 2778 nou
1733 2738 1777 2778 re·

112 2781 198 2838 dieat
211 2781 281 2837 istos
298 2782 367 2881 duos
381 2781 519 2881 invenisse
532 2781 659 2881 undecim
683 2790 874 2855 ⁰⁰¹¹fil⁰O³¹0⁵t
902 2790 929 2837 ‘³‘
978 2810 1086 2866 cedunt.
1104 2809 1156 2880 Qui
1169 2809 1213 2866 hic
1228 2816 1365 2878 assantur,
1381 2809 1436 2866 illic
1446 2824 1513 2865 vora
1539 2809 1683 2866 dulcedine
1698 2810 1777 2867 satia·

114 2885 175 2927 aas
189 2871 234 2944 qui
249 2887 311 2927 cum
326 2887 366 2927 ers
382 2879 448 2940 erat,
465 2871 672 2944 intelligendum
696 2879 737 2927 est
759 2872 832 2942 quod
853 2871 927 2926 Tho·
978 2907 1086 2962 buum

118 2975 187 3015 artas
199 2959 264 3016 inde
278 2959 379 3016 exisset
392 2967 538 3032 antequam
552 2960 685 3018 Dominus
701 2959 801 3016 eisboc
810 2960 927 3033 loquen-

1013 2105 1099 2160 Vnns.
1112 2106 1155 2161 ta.
1165 2104 1299 2160 -Piaea's
1314 2105 1381 2160 caat.
1398 2102 1483 2158 Piscis
1499 2117 1588 2173 assus,
1603 2103 1662 2175 ipse
1677 2104 1776 2161 media·

977 2202 1020 2248 tor
1033 2209 1140 2263 passus,
1156 2193 1184 2248 in
1198 2193 1275 2265 aquis
1298 2191 1409 2247 humani
1432 2192 1541 2265 generis
1561 2201 1657 2264 captus
1679 2194 1776 2267 laqueo

977 2282 1090 2347 mortis,
1117 2290 1223 2336 assatus
1247 2288 1367 2351 tempore
1388 2281 1537 2352 passionis.
1563 2283 1625 2352 lpse
1648 2290 1674 2338 et
1697 2281 1774 2339 favus

978 2369 1066 2424 mellis
1080 2369 1158 2424 nobis
1183 2378 1224 2424 ast
1242 2369 1270 2423 in
1294 2369 1502 2425 resurreetione.
1526 2369 1614 2424 Favus
1635 2370 1724 2425 mellis
1747 2371 1775 2426 in

977 2474 1047 2527 cera,
1063 2457 1091 2512 id
1106 2465 1148 2512 est
1162 2457 1295 2513 Divinitas
1311 2457 1530 2512 inhumanitate.
1547 2458 1577 2512 In
1592 2458 1672 2527 huius
1685 2459 1776 2516 mellis

978 2545 1144 2601 comestione
1160 2545 1292 2618 signatur,
1319 2544 1458 2616 quiaillos
1481 2545 1510 2600 in
1533 2560 1645 2616 corpore
1669 2561 1718 2602 suo
1741 2547 1777 2602 ad

977 2642 1107 2689 aeternam
1122 2633 1240 2704 quietem
1255 2632 1377 2703 suscipit,
1393 2633 1512 2704 quicum
1528 2633 1715 2690 tribulationes
1724 2623 1775 2705 pro

125 3048 199 3104 ,ibus
211 3056 367 3121 appareret·
939 3072 964 3136 G
1014 3023 1099 3078 Vnus.
1113 3025 1158 3078 ta.
1169 3053 1204 3063 -
1219 3024 1253 3121 lit
1276 3039 1341 3079 cam
1355 3024 1565 3080 manducasset.
1591 3022 1702 3122 Omnes.
1717 3037 1776 3079 am·

979 3113 1066 3185 bages
1079 3110 1165 3166 aufert
1180 3128 1188 3166 :
1204 3128 1277 3167 visus
1292 3118 1343 3180 est,
1360 3118 1447 3168 tactus
1467 3119 1518 3177 est,
1543 3112 1725 3180 manducavit,
1750 3121 1777 3169 et

978 3216 1013 3256 ne
1027 3200 1054 3254 in
1068 3200 1158 3271 aliquo
1173 3216 1269 3255 sensus
1292 3201 1426 3255 humanos
1449 3198 1604 3256 ludificasse
1628 3200 1774 3270 videretur,

165 3164 249 3221 Vnus.
266 3164 359 3234 3Ἷ,38.
375 3194 410 3207 -
425 3164 564 3237 Spiritum
587 3163 690 3221 cidere.
717 3167 753 3221 ut
777 3163 854 3221 dixit
877 3166 926 3221 eis.

125 3251 268 3309 Noverunt
282 3251 409 3324 discipuli
423 3251 507 3308 fuisse
522 3269 615 3309 verum
629 3253 777 3322 hominem,
795 3253 844 3309 sed
858 3262 929 3324 post-

129 3356 211 3412 quam
224 3349 347 3397 mortuus
361 3348 412 3409 est,
428 3356 483 3397 non
498 3341 617 3411 credunt,
636 3342 715 3397 tertia
739 3341 785 3397 die
808 3341 929 3412 potuisse

132 3443 223 3485 veram
234 3444 348 3486 earnem
369 3427 405 3485 de
419 3428 542 3501 sepulcro
566 3447 719 3504 resurgere.
742 3431 837 3485 Putant
861 3445 930 3504 ergo

129 3533 166 3574 se
177 3519 264 3575 videre
278 3518 403 3591 spiritum
416 3534 496 3591 quem
511 3519 599 3575 emisit
609 3519 637 3575 iu
648 3518 786 3593 passione,
799 3519 848 3576 sed
858 3519 930 3576 hunc

138 3621 250 3678 errorem
264 3607 354 3664 aufert
367 3607 509 3665 Dominus.

175 3696 238 3763 Ouid
253 3697 361 3755 medati
383 3698 462 3754 eatis.
487 3698 602 3767 (Αιιιιιι.)
627 3696 779 3753 Credebant
803 3695 928 3769 apostoli,
1015 3690 1100 3745 Vnas.
1114 3690 1156 3744 ιιι.
1169 3720 1203 3731 -
1220 3690 1296 3746 foce
1310 3690 1432 3761 operuit.
1449 3689 1513 3744 Post
1527 3688 1624 3756 visum,
1639 3696 1702 3760 post
1715 3704 1778 3746 con·

144 3783 286 3842 women
310 3782 464 3853 turbantur,
490 3792 553 3856 etc,
578 3786 715 3859 usquead
736 3785 808 3857 quod
832 3785 931 3843 clausis
981 3785 1099 3850 tactum,
1122 3785 1185 3850 post
1208 3785 1447 3834 commemoratam
1469 3777 1560 3851 legem
1582 3777 1686 3848 aperuit
1711 3794 1777 3834 sen-

143 3863 229 3943 jaauis,
242 3874 376 3931 Dominus
391 3889 453 3932 cum
467 3889 581 3946 cctpore
596 3889 644 3931 suo
660 3888 690 3930 se
704 3874 868 3947 improvisus
890 3875 932 3930 in·
980 3883 1050 3933 sum,
1066 3874 1095 3922 ul
1108 3867 1180 3939 quod
1203 3866 1294 3922 vident
1316 3874 1343 3921 et
1363 3865 1469 3938 legunt,
1492 3865 1652 3939 intelligant,
1678 3865 1777 3926 deinde

150 3954 239 4036 tutent,
451 3956 455 3964 '
980 3965 1043 4029 post
1058 3956 1099 4011 sui
1113 3955 1235 4027 eorporis
1249 3955 1469 4011 commandatum
1483 3953 1628 4011 veritatem
1642 3970 1779 4012 commen·

181 4049 365 4123 fapimta'ones,
382 4060 434 4109 etc.
452 4051 538 4109 Falsae
552 4068 606 4107 non
622 4052 739 4124 desuper
758 4052 931 4109 descenden-
981 4046 1028 4101 dat
1043 4045 1173 4102 Ecclesia
1192 4045 1347 4100 unitatem:
1373 4046 1408 4100 Et
1431 4043 1583 4116 praedicari
1605 4044 1637 4100 tn
1661 4046 1777 4104 nomiae

153 4138 192 4207 itt,
205 4141 247 4196 sed
261 4141 330 4199 sieut
346 4141 517 4198 malaherba
537 4141 565 4195 in
588 4141 670 4197 eorde
684 4142 871 4210 ascendentes,
897 4139 932 4196 ft·
982 4137 1052 4207 ejot-

155 4220 204 4281 (¹⁸¹³
215 4245 290 4301 (illm
305 4230 333 4286 51¹
354 4229 433 4287 V⁰bi⁵
456 4229 576 4301 Plafflssli
590 4230 691 4329 9)(Ῑέοχ
705 4230 778 4303 (11]οᾰ
799 4247 832 4286 ⁰1
856 4229 932 4286 ‘'⁰¹³ss
1017 4252 1157 4306 lanato.
1171 4280 1205 4290 —
1222 4250 1379 4323 Oportebat,
1396 4259 1448 4306 etc.
1476 4248 1625 4321 Oportebat
1642 4259 1670 4305 ut
1683 4249 1778 4305 minis·

155 4319 225 4405 Qum
237 4325 277 4374 esi
289 4319 454 4386 0⁰¹1dem¹¹0›
472 4319 495 4373 Si
508 4335 563 4374 1¹0⁰
579 4326 620 4374 θὸῑ
635 4326 735 4376 verm
754 4319 931 4376 resultem·
982 4339 1017 4394 tri
1031 4339 1076 4412 qui
1091 4339 1278 4410 paenitentiam
1293 4348 1320 4394 et
1335 4338 1522 4394 remissionem
1545 4344 1622 4393 erant
1642 4338 1777 4409 praedica·
1801 4350 1805 4357 '

156 4411 196 4468 ⁰¹³1
208 4407 320 4476 perditus
334 4415 376 4464 0⁵¹
392 4406 494 4464 fluctus
510 4407 656 4479 piissimis·
944 4434 971 4496 Ι)
985 4427 1037 4483 turi
1050 4427 1078 4483 in
1092 4444 1188 4485 omnes
1207 4436 1313 4502 gentes,
1339 4427 1489 4498 inciperent
1512 4426 1547 4481 ab
1571 4425 1777 4498 Hierosolymis.

184 4513 254 4577 Pata.
270 4525 314 4578 39.
324 4552 361 4564 -
370 4523 490 4594 Palpote
505 4527 534 4578 ct
547 4523 647 4580 uidete.
658 4522 749 4578 llultis
764 4522 933 4580 documentis
981 4518 1042 4572 Non
1058 4517 1147 4574 solum
1160 4516 1223 4590 quia
1236 4517 1289 4571 illis
1303 4517 1404 4572 credita
1413 4524 1475 4571 sunt
1489 4515 1598 4586 eloquia
1607 4515 1667 4581 Dei,
1679 4523 1706 4571 et
1716 4515 1780 4588 quia

159 4609 278 4667 nautes
292 4609 522 4667 resurrectionem
536 4611 683 4682 praebendo
698 4628 738 4678 se,
755 4619 781 4667 et
796 4611 881 4668 oculis
896 4611 934 4667 vi·
982 4621 1076 4662 eorum
1092 4615 1133 4662 est
1147 4606 1256 4677 adoptio
1272 4605 1396 4671 filiomm,
1414 4612 1441 4659 et
1456 4603 1546 4676 gloria
1560 4603 1725 4670 testamenti,
1748 4612 1776 4660 ει

161 4682 262 4768 lendum,
277 4707 304 4755 er
319 4699 447 4754 manibus
461 4700 691 4767 contrectandum,
716 4700 761 4772 qui
786 4700 850 4757 dum
872 4700 933 4772 pal.
983 4694 1137 4768 legislatio;
1154 4694 1203 4749 sed
1217 4694 1279 4749 ideo
1294 4692 1375 4748 etiam
1388 4700 1416 4747 ut
1431 4700 1527 4765 gentes
1542 4691 1626 4748 variis
1640 4691 1779 4749 erroribus

76 4820 92 4854 ·.
162 4782 229 4839 londo
240 4802 302 4843 osea
310 4804 476 4860 comamque
487 4796 628 4858 monstrat,
641 4796 736 4844 statum
752 4806 807 4846 suae
816 4789 859 4845 vel
874 4805 934 4846 nos·
983 4791 1010 4837 et
1024 4781 1187 4838 facinoribus
1201 4781 1347 4852 implicitae,
1364 4781 1416 4837 hoo
1430 4780 1547 4836 marimo
1566 4779 1666 4837 indicio
1680 4780 1779 4837 divina

161 4863 198 4920 lte
208 4876 522 4950 resurrectionisgignffi,
548 4876 574 4931 in
598 4892 653 4949 qua
678 4893 776 4949 corpus
798 4885 932 4948 nostrum,
982 4871 1091 4942 pietatis
1105 4871 1139 4925 ad
1156 4886 1232 4942 spem
1248 4869 1333 4925 veniae
1357 4877 1547 4941 provocentur,
1573 4869 1646 4941 quod
1669 4869 1709 4925 eis
1732 4868 1780 4943 qui

164 4958 282 5022 damme
308 4966 360 5023 erit
385 4982 435 5037 per
463 4965 588 5022 effectum
615 4966 760 5037 spiritualis
788 4967 932 5039 potentiae,
983 4961 1079 5017 Filium
1095 4961 1145 5018 Dei
1159 4958 1360 5027 crucifixerunt,
1376 4959 1484 5016 veniam
1497 4959 1609 5015 relaxat.

165 5047 184 5094 et
193 5051 310 5124 palpabile
332 5071 383 5126 per
408 5054 547 5111 veritatem
572 5063 682 5112 naturae.
708 5057 772 5113 Post
796 5072 937 5113 resurrec-

166 5132 239 5197 ΗΘΜ
251 5143 384 5199 ⁰⁰¹¹¹i¹¹⁰⁸
398 5142 426 5197 in
440 5158 556 5214 ⁰⁰¹'1'0s0
570 5159 619 5199 ⁸¹¹⁰
632 5145 685 5200 ‘¹¹¹⁰
699 5146 833 5201 mmmm
847 5153 935 5201 ⁰⁵¹en'
983 5173 1062 5246 pulos
1086 5173 1120 5228 de
1143 5172 1242 5229 virtute
1265 5171 1468 5243 praedicationis
1490 5171 1611 5241 perfecte
1639 5172 1779 5244 instruxit,

164 5214 196 5288 du·
208 5231 374 5303 “palpabile
389 5231 511 5300 ⁸j⁰⁸d⁸m
524 5239 637 5299 namrae’
662 5242 691 5290 ¹¹²
713 5234 840 5292 iflsffl'met
853 5235 888 5290 “d
903 5233 935 5289 fi·
984 5279 1045 5320 cum
1061 5270 1171 5334 repente
1186 5262 1209 5317 si
1224 5262 1305 5319 vellet
1319 5268 1413 5333 posset
1438 5275 1486 5316 eos
1499 5262 1641 5331 roborare,
1667 5260 1778 5330 distulit,

162 5305 251 5466 εἶς
263 5320 467 5392 mmmmm
480 5320 589 5377 alterius
604 5321 709 5394 ⁸¹⁰siae’
733 5332 760 5379 ¹¹¹
785 5324 880 5380 invita
900 5323 934 5379 ad
984 5353 1079 5409 dicens
1096 5370 1103 5406 ε
1123 5354 1170 5410 Vos
1184 5356 1282 5408 autern
1296 5352 1398 5407 sedete.
1417 5351 1451 5406 Ut
1466 5352 1620 5422 exemplum
1640 5341 1781 5422 sequenti-

232 5426 287 5465 um·
304 5437 307 5441 ,

984 5443 1036 5498 bus
1060 5441 1155 5510 daret,
1180 5459 1215 5497 ne
1238 5439 1391 5513 imperfecti
1414 5440 1567 5512 praedicare
1589 5449 1651 5496 ante
1674 5446 1781 5508 tempus

185 5519 256 5582 laus.
277 5524 323 5583 lb.
335 5553 370 5567 -
382 5526 511 5584 Ostendit
526 5529 693 5599 cismarina,
711 5537 762 5586 etc.
777 5530 812 5586 Ut
825 5536 935 5586 ostensa
984 5541 1159 5606 praesumant.
1175 5534 1206 5587 la
1220 5531 1326 5589 civitate
1340 5532 1428 5599 sedet,
1440 5533 1486 5605 qui
1498 5532 1569 5586 intra
1581 5528 1678 5586 mentis
1693 5525 1783 5583 elaus-

158 5608 275 5676 abeam
287 5614 418 5676 cicatrice
428 5614 594 5677 infidelitatis
612 5618 710 5680 vulnus
725 5625 840 5692 amaret,
866 5633 936 5692 quas
985 5625 1027 5678 tra
1040 5634 1071 5678 se
1085 5617 1255 5692 constringit,
1270 5633 1305 5675 ae
1319 5615 1456 5690 loquendo
1470 5614 1587 5675 exterius
1601 5617 1738 5686 erugatur,
1753 5617 1786 5671 ut

978 3289 1057 3343 mittit
1071 3305 1167 3344 manus
1183 3288 1395 3360 adscripturus,
1419 3297 1448 3344 ut
1463 3289 1513 3344 etsi
1537 3288 1651 3360 magicis
1673 3289 1776 3346 artibus

978 3377 1101 3435 videatur
1114 3377 1235 3449 potuisse
1254 3378 1327 3449 quod
1341 3378 1433 3447 voluit,
1459 3377 1530 3434 sicut
1551 3378 1643 3434 dicunt
1666 3378 1775 3452 pagani,

979 3467 1076 3522 saltem
1093 3466 1201 3524 videant
1219 3467 1381 3539 prophetare
1407 3481 1463 3522 non
1486 3467 1608 3538 potuisse
1632 3475 1777 3540 antequam

979 3563 1057 3612 natus
1072 3554 1131 3611 fuit.

1019 5086 1104 5141 Vnus.
1116 5087 1160 5140 lb.
1172 5114 1206 5125 —
1227 5084 1274 5140 l'os
1288 5087 1385 5140 actem
1399 5082 1503 5138 sedete.
1528 5082 1675 5155 Postquam
1694 5082 1780 5141 disci-
