<?xml version="1.0" encoding="UTF-8"?>
<!DOCTYPE html PUBLIC "-//W3C//DTD XHTML 1.0 Transitional//EN"
    "http://www.w3.org/TR/xhtml1/DTD/xhtml1-transitional.dtd">
<html xmlns="http://www.w3.org/1999/xhtml" xml:lang="en" lang="en">
 <head>
  <title>
</title>
<meta http-equiv="Content-Type" content="text/html;charset=utf-8" />
  <meta name='ocr-system' content='tesseract 3.04.00' />
  <meta name='ocr-capabilities' content='ocr_page ocr_carea ocr_par ocr_line ocrx_word'/>
</head>
<body>
  <div class='ocr_page' id='page_1' title='image "./patrologiaecurs06saingoog_0515.png"; bbox 0 0 3772 6112; ppageno 0'>
   <div class='ocr_carea' id='block_1_1' title="bbox 182 245 1824 307">
    <p class='ocr_par' dir='ltr' id='par_1_1' title="bbox 182 245 1824 307">
     <span class='ocr_line' id='line_1_1' title="bbox 182 245 1824 307; baseline -0.001 0"><span class='ocrx_word' id='word_1_1' title='bbox 182 251 238 307; x_wconf 85' lang='lat' dir='ltr'><strong>ota</strong></span> <span class='ocrx_word' id='word_1_2' title='bbox 433 247 636 307; x_wconf 73' lang='lat' dir='ltr'><strong>wataatttot</strong></span> <span class='ocrx_word' id='word_1_3' title='bbox 654 247 777 305; x_wconf 72' lang='lat' dir='ltr'><strong>sanant</strong></span> <span class='ocrx_word' id='word_1_4' title='bbox 795 246 895 304; x_wconf 82' lang='lat' dir='ltr'><strong>FULD.</strong></span> <span class='ocrx_word' id='word_1_5' title='bbox 914 245 1001 304; x_wconf 79' lang='lat' dir='ltr'><strong>MON.</strong></span> <span class='ocrx_word' id='word_1_6' title='bbox 1021 245 1098 304; x_wconf 89' lang='lat' dir='ltr'><strong>OPP.</strong></span> <span class='ocrx_word' id='word_1_7' title='bbox 1118 246 1207 304; x_wconf 80' lang='lat' dir='ltr'><strong>PARS</strong></span> <span class='ocrx_word' id='word_1_8' title='bbox 1225 246 1260 303; x_wconf 87' lang='lat'><strong>11.</strong></span> <span class='ocrx_word' id='word_1_9' title='bbox 1280 276 1315 288; x_wconf 98' lang='lat'>-</span> <span class='ocrx_word' id='word_1_10' title='bbox 1332 245 1529 305; x_wconf 59' lang='lat' dir='ltr'><strong>tttstotttort.</strong></span> <span class='ocrx_word' id='word_1_11' title='bbox 1756 250 1824 307; x_wconf 72' lang='lat'><strong>102⁰</strong></span> 
     </span>
    </p>
   </div>
   <div class='ocr_carea' id='block_1_2' title="bbox 171 371 1823 838">
    <p class='ocr_par' dir='ltr' id='par_1_2' title="bbox 171 371 1823 838">
     <span class='ocr_line' id='line_1_2' title="bbox 171 371 1823 446; baseline 0 -15"><span class='ocrx_word' id='word_1_12' title='bbox 171 374 304 446; x_wconf 86' lang='lat' dir='ltr'><strong>quasdam</strong></span> <span class='ocrx_word' id='word_1_13' title='bbox 319 374 370 430; x_wconf 91' lang='lat' dir='ltr'><strong>sub</strong></span> <span class='ocrx_word' id='word_1_14' title='bbox 385 391 433 430; x_wconf 90' lang='lat' dir='ltr'><strong>sua</strong></span> <span class='ocrx_word' id='word_1_15' title='bbox 453 389 517 431; x_wconf 88' lang='lat' dir='ltr'><strong>cura</strong></span> <span class='ocrx_word' id='word_1_16' title='bbox 544 373 658 440; x_wconf 89' lang='lat' dir='ltr'><strong>habens,</strong></span> <span class='ocrx_word' id='word_1_17' title='bbox 675 374 702 428; x_wconf 93' lang='lat' dir='ltr'><strong>in</strong></span> <span class='ocrx_word' id='word_1_18' title='bbox 729 373 847 446; x_wconf 91' lang='lat' dir='ltr'><strong>quodam</strong></span> <span class='ocrx_word' id='word_1_19' title='bbox 875 373 1005 435; x_wconf 79' lang='lat' dir='ltr'><strong>remo-A</strong></span> <span class='ocrx_word' id='word_1_20' title='bbox 1019 389 1090 427; x_wconf 91' lang='lat' dir='ltr'><strong>rum.</strong></span> <span class='ocrx_word' id='word_1_21' title='bbox 1107 373 1169 428; x_wconf 87' lang='lat' dir='ltr'><strong>llox</strong></span> <span class='ocrx_word' id='word_1_22' title='bbox 1183 389 1280 427; x_wconf 90' lang='lat' dir='ltr'><strong>manus</strong></span> <span class='ocrx_word' id='word_1_23' title='bbox 1293 380 1388 443; x_wconf 86' lang='lat' dir='ltr'><strong>aperta</strong></span> <span class='ocrx_word' id='word_1_24' title='bbox 1403 373 1527 444; x_wconf 81' lang='lat' dir='ltr'><strong>gladium</strong></span> <span class='ocrx_word' id='word_1_25' title='bbox 1549 372 1688 445; x_wconf 79' lang='lat' dir='ltr'><strong>deposuit.</strong></span> <span class='ocrx_word' id='word_1_26' title='bbox 1712 371 1765 442; x_wconf 88' lang='lat' dir='ltr'><strong>Qui</strong></span> <span class='ocrx_word' id='word_1_27' title='bbox 1788 375 1823 431; x_wconf 95' lang='lat' dir='ltr'><strong>ob</strong></span> 
     </span>
     <span class='ocr_line' id='line_1_3' title="bbox 175 460 1822 535; baseline 0 -17"><span class='ocrx_word' id='word_1_28' title='bbox 175 463 239 519; x_wconf 90' lang='lat' dir='ltr'><strong>tiori</strong></span> <span class='ocrx_word' id='word_1_29' title='bbox 253 462 315 520; x_wconf 90' lang='lat' dir='ltr'><strong>loco</strong></span> <span class='ocrx_word' id='word_1_30' title='bbox 329 463 364 518; x_wconf 96' lang='lat' dir='ltr'><strong>ob</strong></span> <span class='ocrx_word' id='word_1_31' title='bbox 379 463 542 518; x_wconf 88' lang='lat' dir='ltr'><strong>nutrimenta</strong></span> <span class='ocrx_word' id='word_1_32' title='bbox 556 477 687 534; x_wconf 90' lang='lat' dir='ltr'><strong>pecorum</strong></span> <span class='ocrx_word' id='word_1_33' title='bbox 698 462 802 517; x_wconf 90' lang='lat' dir='ltr'><strong>stabula</strong></span> <span class='ocrx_word' id='word_1_34' title='bbox 812 462 971 533; x_wconf 86' lang='lat' dir='ltr'><strong>construxit,</strong></span> <span class='ocrx_word' id='word_1_35' title='bbox 1023 461 1205 516; x_wconf 89' lang='lat' dir='ltr'><strong>testimonium</strong></span> <span class='ocrx_word' id='word_1_36' title='bbox 1233 461 1355 516; x_wconf 77' lang='lat' dir='ltr'><strong>miraculi</strong></span> <span class='ocrx_word' id='word_1_37' title='bbox 1383 460 1410 515; x_wconf 91' lang='lat' dir='ltr'><strong>in</strong></span> <span class='ocrx_word' id='word_1_38' title='bbox 1438 462 1537 518; x_wconf 90' lang='lat' dir='ltr'><strong>eodem</strong></span> <span class='ocrx_word' id='word_1_39' title='bbox 1568 462 1630 520; x_wconf 92' lang='lat' dir='ltr'><strong>loco</strong></span> <span class='ocrx_word' id='word_1_40' title='bbox 1663 479 1822 535; x_wconf 89' lang='lat' dir='ltr'><strong>suspensos,</strong></span> 
     </span>
     <span class='ocr_line' id='line_1_4' title="bbox 177 549 1822 625; baseline 0.001 -18"><span class='ocrx_word' id='word_1_41' title='bbox 177 559 206 607; x_wconf 93' lang='lat' dir='ltr'><strong>et</strong></span> <span class='ocrx_word' id='word_1_42' title='bbox 218 552 274 608; x_wconf 92' lang='lat' dir='ltr'><strong>illic</strong></span> <span class='ocrx_word' id='word_1_43' title='bbox 287 550 516 625; x_wconf 90' lang='lat' dir='ltr'><strong>quamplurimum</strong></span> <span class='ocrx_word' id='word_1_44' title='bbox 539 551 595 607; x_wconf 83' lang='lat' dir='ltr'><strong>feni</strong></span> <span class='ocrx_word' id='word_1_45' title='bbox 618 550 780 608; x_wconf 80' lang='lat' dir='ltr'><strong>recondidit.</strong></span> <span class='ocrx_word' id='word_1_46' title='bbox 801 551 861 607; x_wconf 89' lang='lat' dir='ltr'><strong>Duo</strong></span> <span class='ocrx_word' id='word_1_47' title='bbox 882 550 973 624; x_wconf 87' lang='lat' dir='ltr'><strong>itaque</strong></span> <span class='ocrx_word' id='word_1_48' title='bbox 1022 551 1106 605; x_wconf 92' lang='lat' dir='ltr'><strong>multo</strong></span> <span class='ocrx_word' id='word_1_49' title='bbox 1121 559 1241 620; x_wconf 90' lang='lat' dir='ltr'><strong>tempore</strong></span> <span class='ocrx_word' id='word_1_50' title='bbox 1256 549 1292 604; x_wconf 93' lang='lat' dir='ltr'><strong>ibi</strong></span> <span class='ocrx_word' id='word_1_51' title='bbox 1307 549 1465 620; x_wconf 80' lang='lat' dir='ltr'><strong>permansit,</strong></span> <span class='ocrx_word' id='word_1_52' title='bbox 1489 551 1667 607; x_wconf 71' lang='lat' dir='ltr'>invasoribus</span> <span class='ocrx_word' id='word_1_53' title='bbox 1691 551 1822 609; x_wconf 85' lang='lat' dir='ltr'><strong>ecclesia·</strong></span> 
     </span>
     <span class='ocr_line' id='line_1_5' title="bbox 175 638 1783 714; baseline 0.002 -20"><span class='ocrx_word' id='word_1_54' title='bbox 175 640 312 708; x_wconf 90' lang='lat' dir='ltr'><strong>homines,</strong></span> <span class='ocrx_word' id='word_1_55' title='bbox 328 639 462 696; x_wconf 91' lang='lat' dir='ltr'><strong>diabolica</strong></span> <span class='ocrx_word' id='word_1_56' title='bbox 477 639 597 714; x_wconf 88' lang='lat' dir='ltr'><strong>instigati</strong></span> <span class='ocrx_word' id='word_1_57' title='bbox 611 639 798 711; x_wconf 81' lang='lat' dir='ltr'><strong>persuasione,</strong></span> <span class='ocrx_word' id='word_1_58' title='bbox 814 639 910 696; x_wconf 90' lang='lat' dir='ltr'><strong>eadem</strong></span> <span class='ocrx_word' id='word_1_59' title='bbox 925 656 972 695; x_wconf 94' lang='lat' dir='ltr'><strong>re·</strong></span> <span class='ocrx_word' id='word_1_60' title='bbox 1006 640 1151 702; x_wconf 80' lang='lat' dir='ltr'><strong>,sticarum</strong></span> <span class='ocrx_word' id='word_1_61' title='bbox 1167 655 1258 694; x_wconf 93' lang='lat' dir='ltr'><strong>rerum</strong></span> <span class='ocrx_word' id='word_1_62' title='bbox 1273 639 1379 711; x_wconf 80' lang='lat' dir='ltr'><strong>grande</strong></span> <span class='ocrx_word' id='word_1_63' title='bbox 1394 638 1499 694; x_wconf 90' lang='lat' dir='ltr'><strong>timoris</strong></span> <span class='ocrx_word' id='word_1_64' title='bbox 1513 639 1622 711; x_wconf 91' lang='lat' dir='ltr'><strong>pondus</strong></span> <span class='ocrx_word' id='word_1_65' title='bbox 1638 640 1783 697; x_wconf 87' lang='lat' dir='ltr'><strong>incutiens.</strong></span> 
     </span>
     <span class='ocr_line' id='line_1_6' title="bbox 173 727 1514 838; baseline -0.001 -53"><span class='ocrx_word' id='word_1_66' title='bbox 173 729 304 801; x_wconf 80' lang='lat' dir='ltr'><strong>positoris</strong></span> <span class='ocrx_word' id='word_1_67' title='bbox 327 745 389 785; x_wconf 92' lang='lat' dir='ltr'><strong>cum</strong></span> <span class='ocrx_word' id='word_1_68' title='bbox 422 729 549 785; x_wconf 89' lang='lat' dir='ltr'><strong>omnibus</strong></span> <span class='ocrx_word' id='word_1_69' title='bbox 570 745 631 800; x_wconf 79' lang='lat' dir='ltr'><strong>quae</strong></span> <span class='ocrx_word' id='word_1_70' title='bbox 648 727 715 783; x_wconf 89' lang='lat' dir='ltr'><strong>inibi</strong></span> <span class='ocrx_word' id='word_1_71' title='bbox 729 736 861 802; x_wconf 85' lang='lat' dir='ltr'><strong>congesta</strong></span> <span class='ocrx_word' id='word_1_72' title='bbox 881 736 970 795; x_wconf 88' lang='lat' dir='ltr'><strong>erant,</strong></span> <span class='ocrx_word' id='word_1_73' title='bbox 1306 781 1419 838; x_wconf 59' lang='lat' dir='ltr'>CAPUT</span> <span class='ocrx_word' id='word_1_74' title='bbox 1433 782 1514 838; x_wconf 63' lang='lat' dir='ltr'>XXII</span> 
     </span>
    </p>
   </div>
   <div class='ocr_carea' id='block_1_3' title="bbox 171 816 1754 981">
    <p class='ocr_par' dir='ltr' id='par_1_3' title="bbox 171 816 1754 981">
     <span class='ocr_line' id='line_1_7' title="bbox 172 816 972 891; baseline -0.001 -19"><span class='ocrx_word' id='word_1_75' title='bbox 172 827 254 875; x_wconf 89' lang='lat' dir='ltr'><strong>noctu</strong></span> <span class='ocrx_word' id='word_1_76' title='bbox 268 818 323 890; x_wconf 90' lang='lat' dir='ltr'><strong>igni</strong></span> <span class='ocrx_word' id='word_1_77' title='bbox 354 818 485 891; x_wconf 90' lang='lat' dir='ltr'><strong>apposito</strong></span> <span class='ocrx_word' id='word_1_78' title='bbox 513 819 721 876; x_wconf 89' lang='lat' dir='ltr'><strong>succenderunt.</strong></span> <span class='ocrx_word' id='word_1_79' title='bbox 738 818 792 873; x_wconf 88' lang='lat' dir='ltr'><strong>Sed</strong></span> <span class='ocrx_word' id='word_1_80' title='bbox 825 817 890 872; x_wconf 91' lang='lat' dir='ltr'><strong>dum</strong></span> <span class='ocrx_word' id='word_1_81' title='bbox 913 816 972 886; x_wconf 75' lang='lat' dir='ltr'><strong>iarn</strong></span> 
     </span>
     <span class='ocr_line' id='line_1_8' title="bbox 171 904 1754 981; baseline 0.001 -19"><span class='ocrx_word' id='word_1_82' title='bbox 171 923 242 978; x_wconf 91' lang='lat' dir='ltr'><strong>pene</strong></span> <span class='ocrx_word' id='word_1_83' title='bbox 257 915 313 962; x_wconf 89' lang='lat' dir='ltr'><strong>toto</strong></span> <span class='ocrx_word' id='word_1_84' title='bbox 328 922 400 962; x_wconf 93' lang='lat' dir='ltr'><strong>anuo</strong></span> <span class='ocrx_word' id='word_1_85' title='bbox 415 907 514 977; x_wconf 81' lang='lat' dir='ltr'><strong>hujus,</strong></span> <span class='ocrx_word' id='word_1_86' title='bbox 531 915 656 963; x_wconf 75' lang='lat' dir='ltr'><strong>auctores</strong></span> <span class='ocrx_word' id='word_1_87' title='bbox 679 906 743 963; x_wconf 85' lang='lat' dir='ltr'><strong>iacti</strong></span> <span class='ocrx_word' id='word_1_88' title='bbox 757 907 880 973; x_wconf 87' lang='lat' dir='ltr'><strong>laterent,</strong></span> <span class='ocrx_word' id='word_1_89' title='bbox 905 921 974 960; x_wconf 91' lang='lat' dir='ltr'><strong>unus</strong></span> <span class='ocrx_word' id='word_1_90' title='bbox 1164 904 1253 972; x_wconf 82' lang='lat' dir='ltr'><strong>Quom</strong></span> <span class='ocrx_word' id='word_1_91' title='bbox 1265 907 1399 978; x_wconf 80' lang='lat' dir='ltr'><strong>perjurus</strong></span> <span class='ocrx_word' id='word_1_92' title='bbox 1414 907 1569 964; x_wconf 75' lang='lat' dir='ltr'><strong>vindictum</strong></span> <span class='ocrx_word' id='word_1_93' title='bbox 1584 909 1754 981; x_wconf 79' lang='lat' dir='ltr'><strong>portalerit.</strong></span> 
     </span>
    </p>
   </div>
   <div class='ocr_carea' id='block_1_4' title="bbox 172 993 1824 1099">
    <p class='ocr_par' dir='ltr' id='par_1_4' title="bbox 172 993 1824 1099">
     <span class='ocr_line' id='line_1_9' title="bbox 172 993 1824 1099; baseline 0.006 -48"><span class='ocrx_word' id='word_1_94' title='bbox 172 1010 278 1061; x_wconf 89' lang='lat' dir='ltr'><strong>eorum,</strong></span> <span class='ocrx_word' id='word_1_95' title='bbox 292 1005 457 1067; x_wconf 90' lang='lat' dir='ltr'><strong>arreptusa</strong></span> <span class='ocrx_word' id='word_1_96' title='bbox 486 995 630 1062; x_wconf 77' lang='lat' dir='ltr'><strong>daemonio,</strong></span> <span class='ocrx_word' id='word_1_97' title='bbox 647 996 728 1068; x_wconf 89' lang='lat' dir='ltr'><strong>coepit</strong></span> <span class='ocrx_word' id='word_1_98' title='bbox 748 1012 798 1068; x_wconf 91' lang='lat' dir='ltr'><strong>per</strong></span> <span class='ocrx_word' id='word_1_99' title='bbox 818 993 960 1051; x_wconf 87' lang='lat' dir='ltr'><strong>vicinadis</strong></span> <span class='ocrx_word' id='word_1_100' title='bbox 1058 1019 1219 1075; x_wconf 67' lang='lat' dir='ltr'><strong>pmmoqdus</strong></span> <span class='ocrx_word' id='word_1_101' title='bbox 1235 1020 1346 1092; x_wconf 59' lang='lat' dir='ltr'><strong>quidam</strong></span> <span class='ocrx_word' id='word_1_102' title='bbox 1370 1021 1480 1078; x_wconf 66' lang='lat' dir='ltr'><strong>nomine</strong></span> <span class='ocrx_word' id='word_1_103' title='bbox 1502 1021 1536 1078; x_wconf 62' lang='lat' dir='ltr'><strong>de</strong></span> <span class='ocrx_word' id='word_1_104' title='bbox 1558 1023 1738 1094; x_wconf 57' lang='lat' dir='ltr'><strong>possessione</strong></span> <span class='ocrx_word' id='word_1_105' title='bbox 1761 1041 1824 1099; x_wconf 59' lang='lat' dir='ltr'><strong>qua,</strong></span> 
     </span>
    </p>
   </div>
   <div class='ocr_carea' id='block_1_5' title="bbox 171 1082 1822 1272">
    <p class='ocr_par' dir='ltr' id='par_1_5' title="bbox 171 1082 1822 1272">
     <span class='ocr_line' id='line_1_10' title="bbox 175 1082 1822 1185; baseline 0.004 -22"><span class='ocrx_word' id='word_1_106' title='bbox 175 1098 288 1139; x_wconf 54' lang='lat' dir='ltr'><strong>wlfere</strong></span> <span class='ocrx_word' id='word_1_107' title='bbox 309 1083 505 1183; x_wconf 45' lang='lat' dir='ltr'><strong>J⁰⁰⁸2P¹¹b¹i⁰e</strong></span> <span class='ocrx_word' id='word_1_108' title='bbox 538 1084 734 1183; x_wconf 63' lang='lat' dir='ltr'><strong>Pr⁰⁰¹³m⁸¹¹⁵²</strong></span> <span class='ocrx_word' id='word_1_109' title='bbox 758 1082 869 1183; x_wconf 48' lang='grc' dir='ltr'><strong>Μῶα</strong></span> <span class='ocrx_word' id='word_1_110' title='bbox 889 1099 968 1182; x_wconf 54' lang='grc' dir='ltr'><strong>Ρῗθο·</strong></span> <span class='ocrx_word' id='word_1_111' title='bbox 1022 1109 1085 1165; x_wconf 91' lang='lat' dir='ltr'><strong>dam</strong></span> <span class='ocrx_word' id='word_1_112' title='bbox 1100 1109 1220 1177; x_wconf 85' lang='lat' dir='ltr'><strong>ejusdem</strong></span> <span class='ocrx_word' id='word_1_113' title='bbox 1235 1110 1392 1165; x_wconf 86' lang='lat' dir='ltr'><strong>monasterii</strong></span> <span class='ocrx_word' id='word_1_114' title='bbox 1408 1111 1522 1167; x_wconf 82' lang='lat' dir='ltr'><strong>ancillas</strong></span> <span class='ocrx_word' id='word_1_115' title='bbox 1536 1112 1605 1167; x_wconf 89' lang='lat' dir='ltr'><strong>duas</strong></span> <span class='ocrx_word' id='word_1_116' title='bbox 1620 1113 1647 1167; x_wconf 90' lang='lat' dir='ltr'><strong>vi</strong></span> <span class='ocrx_word' id='word_1_117' title='bbox 1663 1112 1783 1185; x_wconf 89' lang='lat' dir='ltr'><strong>abstulit,</strong></span> <span class='ocrx_word' id='word_1_118' title='bbox 1797 1122 1822 1170; x_wconf 93' lang='lat' dir='ltr'><strong>et</strong></span> 
     </span>
     <span class='ocr_line' id='line_1_11' title="bbox 171 1172 1820 1272; baseline 0.001 -46"><span class='ocrx_word' id='word_1_119' title='bbox 171 1188 231 1227; x_wconf 94' lang='lat' dir='ltr'><strong>rum</strong></span> <span class='ocrx_word' id='word_1_120' title='bbox 245 1173 316 1227; x_wconf 92' lang='lat' dir='ltr'><strong>bcatr</strong></span> <span class='ocrx_word' id='word_1_121' title='bbox 332 1172 402 1228; x_wconf 89' lang='lat' dir='ltr'><strong>Gallr</strong></span> <span class='ocrx_word' id='word_1_122' title='bbox 417 1173 555 1242; x_wconf 90' lang='lat' dir='ltr'><strong>succendr,</strong></span> <span class='ocrx_word' id='word_1_123' title='bbox 571 1181 598 1228; x_wconf 92' lang='lat' dir='ltr'><strong>et</strong></span> <span class='ocrx_word' id='word_1_124' title='bbox 612 1173 674 1229; x_wconf 92' lang='lat' dir='ltr'><strong>ideo</strong></span> <span class='ocrx_word' id='word_1_125' title='bbox 693 1188 774 1229; x_wconf 89' lang='lat' dir='ltr'><strong>versa</strong></span> <span class='ocrx_word' id='word_1_126' title='bbox 788 1188 847 1229; x_wconf 83' lang='lat' dir='ltr'><strong>vice</strong></span> <span class='ocrx_word' id='word_1_127' title='bbox 861 1172 895 1226; x_wconf 93' lang='lat' dir='ltr'><strong>ab</strong></span> <span class='ocrx_word' id='word_1_128' title='bbox 910 1187 970 1243; x_wconf 91' lang='lat' dir='ltr'><strong>rpso</strong></span> <span class='ocrx_word' id='word_1_129' title='bbox 1022 1214 1079 1252; x_wconf 52' lang='grc' dir='ltr'><strong>Μ,</strong></span> <span class='ocrx_word' id='word_1_130' title='bbox 1093 1197 1214 1253; x_wconf 53' lang='lat' dir='ltr'><strong>smmi</strong></span> <span class='ocrx_word' id='word_1_131' title='bbox 1230 1198 1353 1267; x_wconf 41' lang='lat' dir='ltr'><strong>subjecit·</strong></span> <span class='ocrx_word' id='word_1_132' title='bbox 1383 1200 1408 1253; x_wconf 67' lang='lat'><strong>15</strong></span> <span class='ocrx_word' id='word_1_133' title='bbox 1430 1199 1465 1254; x_wconf 60' lang='lat' dir='ltr'><strong>ab</strong></span> <span class='ocrx_word' id='word_1_134' title='bbox 1486 1199 1620 1256; x_wconf 51' lang='lat' dir='ltr'>advocato</span> <span class='ocrx_word' id='word_1_135' title='bbox 1642 1216 1695 1272; x_wconf 61' lang='lat' dir='ltr'><strong>pro</strong></span> <span class='ocrx_word' id='word_1_136' title='bbox 1719 1200 1820 1258; x_wconf 61' lang='lat' dir='ltr'>eisdem</span> 
     </span>
    </p>
   </div>
   <div class='ocr_carea' id='block_1_6' title="bbox 169 1259 1821 1446">
    <p class='ocr_par' dir='ltr' id='par_1_6' title="bbox 169 1259 1821 1446">
     <span class='ocr_line' id='line_1_12' title="bbox 169 1259 1821 1361; baseline 0.001 -45"><span class='ocrx_word' id='word_1_137' title='bbox 169 1259 341 1316; x_wconf 77' lang='lat' dir='ltr'><strong>invisibiliter</strong></span> <span class='ocrx_word' id='word_1_138' title='bbox 364 1262 505 1317; x_wconf 86' lang='lat' dir='ltr'><strong>incendor.</strong></span> <span class='ocrx_word' id='word_1_139' title='bbox 530 1262 597 1317; x_wconf 90' lang='lat' dir='ltr'><strong>Cum</strong></span> <span class='ocrx_word' id='word_1_140' title='bbox 629 1260 722 1334; x_wconf 90' lang='lat' dir='ltr'><strong>itaque</strong></span> <span class='ocrx_word' id='word_1_141' title='bbox 744 1260 866 1316; x_wconf 92' lang='lat' dir='ltr'><strong>divinum</strong></span> <span class='ocrx_word' id='word_1_142' title='bbox 886 1260 913 1315; x_wconf 90' lang='lat' dir='ltr'><strong>in</strong></span> <span class='ocrx_word' id='word_1_143' title='bbox 937 1276 969 1317; x_wconf 93' lang='lat' dir='ltr'><strong>eo</strong></span> <span class='ocrx_word' id='word_1_144' title='bbox 1022 1284 1129 1341; x_wconf 65' lang='lat' dir='ltr'><strong>feminis</strong></span> <span class='ocrx_word' id='word_1_145' title='bbox 1145 1286 1244 1357; x_wconf 41' lang='grc' dir='ltr'><strong>πρίω</strong></span> <span class='ocrx_word' id='word_1_146' title='bbox 1259 1285 1455 1359; x_wconf 85' lang='lat' dir='ltr'><strong>interpellatus,</strong></span> <span class='ocrx_word' id='word_1_147' title='bbox 1477 1289 1588 1344; x_wconf 59' lang='lat' dir='ltr'><strong>tandem</strong></span> <span class='ocrx_word' id='word_1_148' title='bbox 1611 1305 1730 1345; x_wconf 59' lang='lat' dir='ltr'><strong>censum</strong></span> <span class='ocrx_word' id='word_1_149' title='bbox 1750 1290 1821 1361; x_wconf 61' lang='lat' dir='ltr'><strong>judi,</strong></span> 
     </span>
     <span class='ocr_line' id='line_1_13' title="bbox 171 1349 1819 1446; baseline 0.002 -16"><span class='ocrx_word' id='word_1_150' title='bbox 171 1349 348 1405; x_wconf 62' lang='lat' dir='ltr'><strong>⁰⁰⁰²i¹¹¹¹³²i¹¹¹</strong></span> <span class='ocrx_word' id='word_1_151' title='bbox 360 1350 492 1419; x_wconf 64' lang='lat' dir='ltr'><strong>jfldi⁰i¹¹m</strong></span> <span class='ocrx_word' id='word_1_152' title='bbox 520 1357 680 1422; x_wconf 36' lang='lat' dir='ltr'>patescere&amp;</span> <span class='ocrx_word' id='word_1_153' title='bbox 696 1349 845 1421; x_wconf 62' lang='lat' dir='ltr'>pluresque</span> <span class='ocrx_word' id='word_1_154' title='bbox 867 1349 969 1421; x_wconf 63' lang='grc' dir='ltr'><strong>ἰῐῃΡΟΓ·</strong></span> <span class='ocrx_word' id='word_1_155' title='bbox 1021 1390 1084 1430; x_wconf 91' lang='lat' dir='ltr'><strong>oum</strong></span> <span class='ocrx_word' id='word_1_156' title='bbox 1099 1383 1210 1430; x_wconf 89' lang='lat' dir='ltr'><strong>coactus</strong></span> <span class='ocrx_word' id='word_1_157' title='bbox 1225 1382 1266 1429; x_wconf 89' lang='lat' dir='ltr'><strong>est</strong></span> <span class='ocrx_word' id='word_1_158' title='bbox 1280 1383 1309 1430; x_wconf 91' lang='lat' dir='ltr'><strong>ut</strong></span> <span class='ocrx_word' id='word_1_159' title='bbox 1324 1391 1369 1431; x_wconf 88' lang='lat' dir='ltr'><strong>eas</strong></span> <span class='ocrx_word' id='word_1_160' title='bbox 1384 1376 1426 1432; x_wconf 90' lang='lat' dir='ltr'><strong>vel</strong></span> <span class='ocrx_word' id='word_1_161' title='bbox 1441 1378 1607 1433; x_wconf 88' lang='lat' dir='ltr'><strong>monasterio</strong></span> <span class='ocrx_word' id='word_1_162' title='bbox 1622 1379 1763 1446; x_wconf 90' lang='lat' dir='ltr'><strong>redderet,</strong></span> <span class='ocrx_word' id='word_1_163' title='bbox 1778 1379 1819 1436; x_wconf 85' lang='lat' dir='ltr'><strong>vel</strong></span> 
     </span>
    </p>
   </div>
   <div class='ocr_carea' id='block_1_7' title="bbox 169 1437 1827 1805">
    <p class='ocr_par' dir='ltr' id='par_1_7' title="bbox 169 1437 1827 1805">
     <span class='ocr_line' id='line_1_14' title="bbox 171 1437 1820 1539; baseline 0.005 -22"><span class='ocrx_word' id='word_1_164' title='bbox 171 1437 245 1493; x_wconf 65' lang='lat' dir='ltr'><strong>‘unis</strong></span> <span class='ocrx_word' id='word_1_165' title='bbox 260 1439 318 1538; x_wconf 47' lang='lat' dir='ltr'><strong>edus</strong></span> <span class='ocrx_word' id='word_1_166' title='bbox 331 1438 495 1538; x_wconf 66' lang='lat' dir='ltr'><strong>⁰¹⁰f¹¹⁰fib¹¹⁸</strong></span> <span class='ocrx_word' id='word_1_167' title='bbox 510 1439 636 1495; x_wconf 62' lang='lat' dir='ltr'><strong>⁰⁰⁰⁰i²³¹i</strong></span> <span class='ocrx_word' id='word_1_168' title='bbox 650 1454 699 1509; x_wconf 62' lang='lat' dir='ltr'><strong>pes</strong></span> <span class='ocrx_word' id='word_1_169' title='bbox 723 1438 783 1537; x_wconf 50' lang='lat'><strong>¹⁰9⁸</strong></span> <span class='ocrx_word' id='word_1_170' title='bbox 805 1438 914 1511; x_wconf 67' lang='lat' dir='ltr'><strong>⁸i¹¹ff¹¹¹⁸</strong></span> <span class='ocrx_word' id='word_1_171' title='bbox 934 1438 969 1536; x_wconf 66' lang='lat' dir='ltr'><strong>³f¹</strong></span> <span class='ocrx_word' id='word_1_172' title='bbox 1021 1463 1132 1532; x_wconf 89' lang='lat' dir='ltr'><strong>suojuri</strong></span> <span class='ocrx_word' id='word_1_173' title='bbox 1142 1480 1202 1520; x_wconf 92' lang='lat' dir='ltr'><strong>oum</strong></span> <span class='ocrx_word' id='word_1_174' title='bbox 1213 1472 1383 1520; x_wconf 90' lang='lat' dir='ltr'><strong>sacramento</strong></span> <span class='ocrx_word' id='word_1_175' title='bbox 1393 1465 1420 1519; x_wconf 93' lang='lat' dir='ltr'><strong>in</strong></span> <span class='ocrx_word' id='word_1_176' title='bbox 1433 1465 1510 1521; x_wconf 88' lang='lat' dir='ltr'><strong>altari</strong></span> <span class='ocrx_word' id='word_1_177' title='bbox 1522 1466 1608 1521; x_wconf 90' lang='lat' dir='ltr'><strong>sancti</strong></span> <span class='ocrx_word' id='word_1_178' title='bbox 1620 1466 1693 1522; x_wconf 89' lang='lat' dir='ltr'><strong>Galli</strong></span> <span class='ocrx_word' id='word_1_179' title='bbox 1712 1479 1820 1539; x_wconf 90' lang='lat' dir='ltr'><strong>peracto</strong></span> 
     </span>
     <span class='ocr_line' id='line_1_15' title="bbox 170 1525 1827 1633; baseline 0.005 -28"><span class='ocrx_word' id='word_1_180' title='bbox 170 1525 224 1583; x_wconf 69' lang='lat'>¹¹⁰⁰</span> <span class='ocrx_word' id='word_1_181' title='bbox 252 1527 627 1628; x_wconf 34' lang='lat' dir='ltr'><strong>¹¹¹¹⁸⁰f³f³¹¹0fpe⁰¹²ff⁰¹¹¹⁰m¹</strong></span> <span class='ocrx_word' id='word_1_182' title='bbox 645 1534 837 1626; x_wconf 58' lang='lat' dir='ltr'><strong>⁰⁰¹¹V⁰¹¹¹f⁰¹¹⁸q</strong></span> <span class='ocrx_word' id='word_1_183' title='bbox 863 1533 969 1600; x_wconf 65' lang='lat' dir='ltr'><strong>f⁰ss⁸V¹²</strong></span> <span class='ocrx_word' id='word_1_184' title='bbox 1024 1549 1154 1608; x_wconf 83' lang='lat' dir='ltr'><strong>firmaret.</strong></span> <span class='ocrx_word' id='word_1_185' title='bbox 1186 1553 1278 1625; x_wconf 91' lang='lat' dir='ltr'><strong>ltaque</strong></span> <span class='ocrx_word' id='word_1_186' title='bbox 1304 1553 1419 1608; x_wconf 89' lang='lat' dir='ltr'><strong>avaritia</strong></span> <span class='ocrx_word' id='word_1_187' title='bbox 1436 1555 1620 1633; x_wconf 30' lang='lat' dir='ltr'><strong>*impellente</strong></span> <span class='ocrx_word' id='word_1_188' title='bbox 1642 1557 1827 1625; x_wconf 87' lang='lat' dir='ltr'><strong>juramentum</strong></span> 
     </span>
     <span class='ocr_line' id='line_1_16' title="bbox 169 1615 1819 1716; baseline 0.004 -21"><span class='ocrx_word' id='word_1_189' title='bbox 169 1631 266 1715; x_wconf 47' lang='lat' dir='ltr'><strong>⁰¹¹¹¹¹⁰ff</strong></span> <span class='ocrx_word' id='word_1_190' title='bbox 289 1625 319 1714; x_wconf 50' lang='grc' dir='ltr'><strong>Ψ</strong></span> <span class='ocrx_word' id='word_1_191' title='bbox 339 1633 396 1686; x_wconf 68' lang='lat'>‘³1⁰⁵</span> <span class='ocrx_word' id='word_1_192' title='bbox 416 1618 542 1673; x_wconf 63' lang='lat' dir='ltr'><strong>¹⁰⁰0⁰d¹³</strong></span> <span class='ocrx_word' id='word_1_193' title='bbox 563 1622 775 1716; x_wconf 37' lang='lat' dir='ltr'><strong>&#39;fesuffguesenb</strong></span> <span class='ocrx_word' id='word_1_194' title='bbox 797 1615 967 1714; x_wconf 47' lang='lat' dir='ltr'><strong>¹ss¹⁸.⁸.uf⁰m</strong></span> <span class='ocrx_word' id='word_1_195' title='bbox 1018 1641 1229 1712; x_wconf 89' lang='lat' dir='ltr'><strong>parvipendens,</strong></span> <span class='ocrx_word' id='word_1_196' title='bbox 1256 1643 1452 1697; x_wconf 89' lang='lat' dir='ltr'><strong>monasterium</strong></span> <span class='ocrx_word' id='word_1_197' title='bbox 1476 1660 1537 1698; x_wconf 91' lang='lat' dir='ltr'><strong>cum</strong></span> <span class='ocrx_word' id='word_1_198' title='bbox 1553 1645 1610 1698; x_wconf 89' lang='lat' dir='ltr'><strong>suis</strong></span> <span class='ocrx_word' id='word_1_199' title='bbox 1634 1645 1712 1713; x_wconf 88' lang='lat' dir='ltr'><strong>adiit,</strong></span> <span class='ocrx_word' id='word_1_200' title='bbox 1736 1653 1763 1701; x_wconf 92' lang='lat' dir='ltr'><strong>et</strong></span> <span class='ocrx_word' id='word_1_201' title='bbox 1790 1652 1819 1702; x_wconf 92' lang='lat' dir='ltr'><strong>ut</strong></span> 
     </span>
     <span class='ocr_line' id='line_1_17' title="bbox 169 1705 1819 1805; baseline 0.017 -44"><span class='ocrx_word' id='word_1_202' title='bbox 169 1711 295 1761; x_wconf 80' lang='lat' dir='ltr'><strong>certatim</strong></span> <span class='ocrx_word' id='word_1_203' title='bbox 310 1721 337 1759; x_wconf 84' lang='lat' dir='ltr'><strong>ur</strong></span> <span class='ocrx_word' id='word_1_204' title='bbox 351 1721 521 1777; x_wconf 91' lang='lat' dir='ltr'><strong>eumaquam</strong></span> <span class='ocrx_word' id='word_1_205' title='bbox 535 1705 712 1770; x_wconf 78' lang='lat' dir='ltr'><strong>mittentibus,</strong></span> <span class='ocrx_word' id='word_1_206' title='bbox 734 1720 817 1777; x_wconf 88' lang='lat' dir='ltr'><strong>poena</strong></span> <span class='ocrx_word' id='word_1_207' title='bbox 839 1705 969 1759; x_wconf 87' lang='lat' dir='ltr'><strong>drvmrtus</strong></span> <span class='ocrx_word' id='word_1_208' title='bbox 983 1731 1009 1792; x_wconf 78' lang='grc' dir='ltr'>Β</span> <span class='ocrx_word' id='word_1_209' title='bbox 1025 1729 1197 1798; x_wconf 60' lang='lat' dir='ltr'><strong>dijudicatum</strong></span> <span class='ocrx_word' id='word_1_210' title='bbox 1213 1728 1310 1797; x_wconf 64' lang='lat' dir='ltr'><strong>fuerat,</strong></span> <span class='ocrx_word' id='word_1_211' title='bbox 1327 1730 1456 1786; x_wconf 72' lang='lat' dir='ltr'><strong>audacter</strong></span> <span class='ocrx_word' id='word_1_212' title='bbox 1468 1731 1585 1805; x_wconf 81' lang='lat' dir='ltr'><strong>peregit.</strong></span> <span class='ocrx_word' id='word_1_213' title='bbox 1601 1732 1657 1788; x_wconf 89' lang='lat' dir='ltr'><strong>Sed</strong></span> <span class='ocrx_word' id='word_1_214' title='bbox 1677 1749 1732 1805; x_wconf 88' lang='lat' dir='ltr'><strong>pro</strong></span> <span class='ocrx_word' id='word_1_215' title='bbox 1754 1750 1819 1791; x_wconf 91' lang='lat' dir='ltr'><strong>con·</strong></span> 
     </span>
    </p>
   </div>
   <div class='ocr_carea' id='block_1_8' title="bbox 165 1791 967 2662">
    <p class='ocr_par' dir='ltr' id='par_1_8' title="bbox 165 1791 967 2662">
     <span class='ocr_line' id='line_1_18' title="bbox 167 1791 965 1866; baseline -0.003 -18"><span class='ocrx_word' id='word_1_216' title='bbox 167 1791 240 1848; x_wconf 89' lang='lat' dir='ltr'><strong>illata</strong></span> <span class='ocrx_word' id='word_1_217' title='bbox 269 1794 394 1850; x_wconf 89' lang='lat' dir='ltr'><strong>humanis</strong></span> <span class='ocrx_word' id='word_1_218' title='bbox 423 1793 523 1850; x_wconf 91' lang='lat' dir='ltr'><strong>viribus</strong></span> <span class='ocrx_word' id='word_1_219' title='bbox 547 1794 683 1866; x_wconf 86' lang='lat' dir='ltr'><strong>exstingui</strong></span> <span class='ocrx_word' id='word_1_220' title='bbox 697 1809 752 1849; x_wconf 89' lang='lat' dir='ltr'><strong>nou</strong></span> <span class='ocrx_word' id='word_1_221' title='bbox 780 1792 876 1864; x_wconf 85' lang='lat' dir='ltr'><strong>potuit.</strong></span> <span class='ocrx_word' id='word_1_222' title='bbox 903 1793 965 1849; x_wconf 92' lang='lat' dir='ltr'><strong>Non</strong></span> 
     </span>
     <span class='ocr_line' id='line_1_19' title="bbox 168 1881 965 1954; baseline -0.001 -18"><span class='ocrx_word' id='word_1_223' title='bbox 168 1881 263 1952; x_wconf 88' lang='lat' dir='ltr'><strong>paucis</strong></span> <span class='ocrx_word' id='word_1_224' title='bbox 278 1881 377 1937; x_wconf 89' lang='lat' dir='ltr'><strong>deinde</strong></span> <span class='ocrx_word' id='word_1_225' title='bbox 391 1881 487 1937; x_wconf 91' lang='lat' dir='ltr'><strong>diebus</strong></span> <span class='ocrx_word' id='word_1_226' title='bbox 495 1882 598 1938; x_wconf 77' lang='lat' dir='ltr'><strong>exactis</strong></span> <span class='ocrx_word' id='word_1_227' title='bbox 606 1883 633 1936; x_wconf 91' lang='lat' dir='ltr'><strong>in</strong></span> <span class='ocrx_word' id='word_1_228' title='bbox 644 1883 696 1938; x_wconf 93' lang='lat' dir='ltr'><strong>hoo</strong></span> <span class='ocrx_word' id='word_1_229' title='bbox 706 1881 855 1937; x_wconf 89' lang='lat' dir='ltr'><strong>miserabili</strong></span> <span class='ocrx_word' id='word_1_230' title='bbox 863 1896 965 1954; x_wconf 86' lang='lat' dir='ltr'><strong>genere</strong></span> 
     </span>
     <span class='ocr_line' id='line_1_20' title="bbox 168 1968 965 2027; baseline 0 -5"><span class='ocrx_word' id='word_1_231' title='bbox 168 1976 365 2025; x_wconf 89' lang='lat' dir='ltr'><strong>tormentorum</strong></span> <span class='ocrx_word' id='word_1_232' title='bbox 378 1969 491 2024; x_wconf 88' lang='lat' dir='ltr'><strong>insanus</strong></span> <span class='ocrx_word' id='word_1_233' title='bbox 504 1969 589 2026; x_wconf 88' lang='lat' dir='ltr'><strong>vitam</strong></span> <span class='ocrx_word' id='word_1_234' title='bbox 601 1968 697 2026; x_wconf 78' lang='lat' dir='ltr'><strong>linivit.</strong></span> <span class='ocrx_word' id='word_1_235' title='bbox 727 1970 804 2025; x_wconf 84' lang='lat' dir='ltr'><strong>lllter</strong></span> <span class='ocrx_word' id='word_1_236' title='bbox 823 1984 889 2025; x_wconf 91' lang='lat' dir='ltr'><strong>vero</strong></span> <span class='ocrx_word' id='word_1_237' title='bbox 904 1985 965 2027; x_wconf 91' lang='lat' dir='ltr'><strong>cum</strong></span> 
     </span>
     <span class='ocr_line' id='line_1_21' title="bbox 169 2056 964 2123; baseline 0.001 -13"><span class='ocrx_word' id='word_1_238' title='bbox 169 2056 211 2112; x_wconf 91' lang='lat' dir='ltr'><strong>sui</strong></span> <span class='ocrx_word' id='word_1_239' title='bbox 230 2056 341 2112; x_wconf 90' lang='lat' dir='ltr'><strong>sceleris</strong></span> <span class='ocrx_word' id='word_1_240' title='bbox 357 2057 460 2114; x_wconf 90' lang='lat' dir='ltr'><strong>socium</strong></span> <span class='ocrx_word' id='word_1_241' title='bbox 476 2057 521 2113; x_wconf 90' lang='lat' dir='ltr'><strong>tali</strong></span> <span class='ocrx_word' id='word_1_242' title='bbox 536 2058 655 2114; x_wconf 88' lang='lat' dir='ltr'><strong>cruciatu</strong></span> <span class='ocrx_word' id='word_1_243' title='bbox 669 2056 782 2113; x_wconf 87' lang='lat' dir='ltr'><strong>vidisset</strong></span> <span class='ocrx_word' id='word_1_244' title='bbox 796 2057 964 2123; x_wconf 87' lang='lat' dir='ltr'><strong>damnatum,</strong></span> 
     </span>
     <span class='ocr_line' id='line_1_22' title="bbox 165 2145 965 2219; baseline -0.001 -18"><span class='ocrx_word' id='word_1_245' title='bbox 165 2145 202 2201; x_wconf 91' lang='lat' dir='ltr'><strong>ad</strong></span> <span class='ocrx_word' id='word_1_246' title='bbox 224 2146 401 2216; x_wconf 67' lang='lat' dir='ltr'><strong>praepositum</strong></span> <span class='ocrx_word' id='word_1_247' title='bbox 422 2146 607 2217; x_wconf 88' lang='lat' dir='ltr'><strong>supradictum</strong></span> <span class='ocrx_word' id='word_1_248' title='bbox 631 2145 716 2213; x_wconf 88' lang='lat' dir='ltr'><strong>venit,</strong></span> <span class='ocrx_word' id='word_1_249' title='bbox 738 2146 864 2219; x_wconf 91' lang='lat' dir='ltr'><strong>ultroque</strong></span> <span class='ocrx_word' id='word_1_250' title='bbox 893 2145 965 2200; x_wconf 90' lang='lat' dir='ltr'><strong>divi·</strong></span> 
     </span>
     <span class='ocr_line' id='line_1_23' title="bbox 171 2233 966 2304; baseline 0.001 -16"><span class='ocrx_word' id='word_1_251' title='bbox 171 2249 240 2289; x_wconf 92' lang='lat' dir='ltr'><strong>num</strong></span> <span class='ocrx_word' id='word_1_252' title='bbox 250 2234 466 2304; x_wconf 87' lang='lat' dir='ltr'><strong>perhorrescens</strong></span> <span class='ocrx_word' id='word_1_253' title='bbox 474 2233 748 2303; x_wconf 87' lang='lat' dir='ltr'><strong>judicium,deliotum</strong></span> <span class='ocrx_word' id='word_1_254' title='bbox 763 2233 905 2290; x_wconf 85' lang='lat' dir='ltr'><strong>confessus</strong></span> <span class='ocrx_word' id='word_1_255' title='bbox 916 2242 966 2300; x_wconf 87' lang='lat' dir='ltr'><strong>est,</strong></span> 
     </span>
     <span class='ocr_line' id='line_1_24' title="bbox 167 2322 967 2394; baseline 0 -17"><span class='ocrx_word' id='word_1_256' title='bbox 167 2322 291 2394; x_wconf 89' lang='lat' dir='ltr'><strong>duosque</strong></span> <span class='ocrx_word' id='word_1_257' title='bbox 307 2322 394 2379; x_wconf 91' lang='lat' dir='ltr'><strong>boves</strong></span> <span class='ocrx_word' id='word_1_258' title='bbox 408 2338 460 2393; x_wconf 90' lang='lat' dir='ltr'><strong>pro</strong></span> <span class='ocrx_word' id='word_1_259' title='bbox 476 2323 567 2379; x_wconf 89' lang='lat' dir='ltr'><strong>debito</strong></span> <span class='ocrx_word' id='word_1_260' title='bbox 581 2323 687 2390; x_wconf 90' lang='lat' dir='ltr'><strong>obtulit,</strong></span> <span class='ocrx_word' id='word_1_261' title='bbox 703 2339 736 2381; x_wconf 91' lang='lat' dir='ltr'><strong>ao</strong></span> <span class='ocrx_word' id='word_1_262' title='bbox 759 2339 789 2380; x_wconf 91' lang='lat' dir='ltr'><strong>se</strong></span> <span class='ocrx_word' id='word_1_263' title='bbox 811 2331 874 2379; x_wconf 88' lang='lat' dir='ltr'><strong>voto</strong></span> <span class='ocrx_word' id='word_1_264' title='bbox 900 2338 967 2380; x_wconf 89' lang='lat' dir='ltr'><strong>con·</strong></span> 
     </span>
     <span class='ocr_line' id='line_1_25' title="bbox 165 2410 966 2486; baseline 0.002 -21"><span class='ocrx_word' id='word_1_265' title='bbox 165 2410 274 2466; x_wconf 86' lang='lat' dir='ltr'><strong>strinxit</strong></span> <span class='ocrx_word' id='word_1_266' title='bbox 287 2411 360 2482; x_wconf 92' lang='lat' dir='ltr'><strong>quod</strong></span> <span class='ocrx_word' id='word_1_267' title='bbox 376 2411 507 2482; x_wconf 88' lang='lat' dir='ltr'><strong>deinceps</strong></span> <span class='ocrx_word' id='word_1_268' title='bbox 535 2428 675 2486; x_wconf 88' lang='lat' dir='ltr'><strong>nunquam</strong></span> <span class='ocrx_word' id='word_1_269' title='bbox 694 2413 776 2468; x_wconf 88' lang='lat' dir='ltr'><strong>robus</strong></span> <span class='ocrx_word' id='word_1_270' title='bbox 791 2410 966 2469; x_wconf 77' lang='lat' dir='ltr'><strong>sanoti‘Galli</strong></span> 
     </span>
     <span class='ocr_line' id='line_1_26' title="bbox 166 2498 965 2573; baseline 0 -19"><span class='ocrx_word' id='word_1_271' title='bbox 166 2499 299 2556; x_wconf 91' lang='lat' dir='ltr'><strong>damnum</strong></span> <span class='ocrx_word' id='word_1_272' title='bbox 314 2498 436 2556; x_wconf 83' lang='lat' dir='ltr'><strong>inferret.</strong></span> <span class='ocrx_word' id='word_1_273' title='bbox 451 2501 547 2557; x_wconf 83' lang='lat' dir='ltr'><strong>Frater</strong></span> <span class='ocrx_word' id='word_1_274' title='bbox 566 2508 658 2556; x_wconf 85' lang='lat' dir='ltr'><strong>autem</strong></span> <span class='ocrx_word' id='word_1_275' title='bbox 680 2501 752 2557; x_wconf 89' lang='lat' dir='ltr'><strong>idern</strong></span> <span class='ocrx_word' id='word_1_276' title='bbox 771 2500 965 2573; x_wconf 67' lang='lat' dir='ltr'><strong>poenitudinem</strong></span> 
     </span>
     <span class='ocr_line' id='line_1_27' title="bbox 171 2588 966 2662; baseline 0.003 -19"><span class='ocrx_word' id='word_1_277' title='bbox 171 2588 409 2662; x_wconf 88' lang='lat' dir='ltr'><strong>ejusagnosceus,</strong></span> <span class='ocrx_word' id='word_1_278' title='bbox 428 2589 514 2646; x_wconf 92' lang='lat' dir='ltr'><strong>boves</strong></span> <span class='ocrx_word' id='word_1_279' title='bbox 536 2605 592 2646; x_wconf 88' lang='lat' dir='ltr'><strong>non</strong></span> <span class='ocrx_word' id='word_1_280' title='bbox 611 2589 740 2662; x_wconf 89' lang='lat' dir='ltr'><strong>suscepit,</strong></span> <span class='ocrx_word' id='word_1_281' title='bbox 751 2589 801 2646; x_wconf 90' lang='lat' dir='ltr'><strong>sed</strong></span> <span class='ocrx_word' id='word_1_282' title='bbox 810 2589 886 2646; x_wconf 92' lang='lat' dir='ltr'><strong>abire</strong></span> <span class='ocrx_word' id='word_1_283' title='bbox 903 2605 966 2645; x_wconf 91' lang='lat' dir='ltr'><strong>eum</strong></span> 
     </span>
    </p>
   </div>
   <div class='ocr_carea' id='block_1_9' title="bbox 1015 1817 1820 2599">
    <p class='ocr_par' dir='ltr' id='par_1_9' title="bbox 1015 1817 1820 2599">
     <span class='ocr_line' id='line_1_28' title="bbox 1023 1817 1819 1892; baseline 0.01 -20"><span class='ocrx_word' id='word_1_284' title='bbox 1023 1824 1126 1891; x_wconf 92' lang='lat' dir='ltr'><strong>temptu</strong></span> <span class='ocrx_word' id='word_1_285' title='bbox 1139 1818 1225 1873; x_wconf 91' lang='lat' dir='ltr'><strong>sancti</strong></span> <span class='ocrx_word' id='word_1_286' title='bbox 1238 1817 1304 1872; x_wconf 91' lang='lat' dir='ltr'><strong>ultio</strong></span> <span class='ocrx_word' id='word_1_287' title='bbox 1319 1818 1369 1875; x_wconf 87' lang='lat' dir='ltr'><strong>Dei</strong></span> <span class='ocrx_word' id='word_1_288' title='bbox 1384 1835 1447 1874; x_wconf 92' lang='lat' dir='ltr'><strong>eum</strong></span> <span class='ocrx_word' id='word_1_289' title='bbox 1460 1818 1557 1874; x_wconf 81' lang='lat' dir='ltr'><strong>festina</strong></span> <span class='ocrx_word' id='word_1_290' title='bbox 1576 1822 1723 1892; x_wconf 72' lang='lat' dir='ltr'><strong>praevenit.</strong></span> <span class='ocrx_word' id='word_1_291' title='bbox 1752 1822 1819 1880; x_wconf 78' lang='lat' dir='ltr'><strong>Nau</strong></span> 
     </span>
     <span class='ocr_line' id='line_1_29' title="bbox 1016 1906 1818 1987; baseline 0.009 -27"><span class='ocrx_word' id='word_1_292' title='bbox 1016 1906 1170 1976; x_wconf 85' lang='lat' dir='ltr'><strong>juramento</strong></span> <span class='ocrx_word' id='word_1_293' title='bbox 1185 1907 1293 1978; x_wconf 84' lang='lat' dir='ltr'><strong>expleto</strong></span> <span class='ocrx_word' id='word_1_294' title='bbox 1308 1906 1343 1962; x_wconf 89' lang='lat' dir='ltr'><strong>ad</strong></span> <span class='ocrx_word' id='word_1_295' title='bbox 1350 1907 1462 1979; x_wconf 91' lang='lat' dir='ltr'><strong>propria</strong></span> <span class='ocrx_word' id='word_1_296' title='bbox 1470 1907 1557 1964; x_wconf 90' lang='lat' dir='ltr'><strong>iturus</strong></span> <span class='ocrx_word' id='word_1_297' title='bbox 1567 1909 1712 1966; x_wconf 86' lang='lat' dir='ltr'><strong>basilicam</strong></span> <span class='ocrx_word' id='word_1_298' title='bbox 1723 1926 1818 1987; x_wconf 86' lang='lat' dir='ltr'><strong>egres·</strong></span> 
     </span>
     <span class='ocr_line' id='line_1_30' title="bbox 1016 1996 1820 2070; baseline 0.007 -20"><span class='ocrx_word' id='word_1_299' title='bbox 1016 2011 1063 2051; x_wconf 89' lang='lat' dir='ltr'><strong>aus</strong></span> <span class='ocrx_word' id='word_1_300' title='bbox 1078 2004 1126 2062; x_wconf 86' lang='lat' dir='ltr'><strong>est,</strong></span> <span class='ocrx_word' id='word_1_301' title='bbox 1142 1996 1317 2068; x_wconf 78' lang='lat' dir='ltr'><strong>iumentoque</strong></span> <span class='ocrx_word' id='word_1_302' title='bbox 1339 1996 1466 2063; x_wconf 89' lang='lat' dir='ltr'><strong>adducto,</strong></span> <span class='ocrx_word' id='word_1_303' title='bbox 1491 2012 1554 2053; x_wconf 90' lang='lat' dir='ltr'><strong>cum</strong></span> <span class='ocrx_word' id='word_1_304' title='bbox 1575 2014 1662 2070; x_wconf 82' lang='lat' dir='ltr'><strong>super</strong></span> <span class='ocrx_word' id='word_1_305' title='bbox 1684 1998 1753 2055; x_wconf 92' lang='lat' dir='ltr'><strong>illud</strong></span> <span class='ocrx_word' id='word_1_306' title='bbox 1775 2016 1820 2057; x_wconf 79' lang='lat' dir='ltr'><strong>aa·</strong></span> 
     </span>
     <span class='ocr_line' id='line_1_31' title="bbox 1015 2083 1818 2157; baseline 0.007 -18"><span class='ocrx_word' id='word_1_307' title='bbox 1015 2084 1106 2141; x_wconf 91' lang='lat' dir='ltr'><strong>liendo</strong></span> <span class='ocrx_word' id='word_1_308' title='bbox 1122 2083 1203 2140; x_wconf 84' lang='lat' dir='ltr'><strong>vellet</strong></span> <span class='ocrx_word' id='word_1_309' title='bbox 1217 2085 1374 2152; x_wconf 89' lang='lat' dir='ltr'><strong>ascendere,</strong></span> <span class='ocrx_word' id='word_1_310' title='bbox 1402 2093 1493 2141; x_wconf 88' lang='lat' dir='ltr'><strong>mento</strong></span> <span class='ocrx_word' id='word_1_311' title='bbox 1506 2095 1614 2157; x_wconf 86' lang='lat' dir='ltr'><strong>captus,</strong></span> <span class='ocrx_word' id='word_1_312' title='bbox 1632 2086 1734 2144; x_wconf 78' lang='lat' dir='ltr'><strong>faciem</strong></span> <span class='ocrx_word' id='word_1_313' title='bbox 1744 2105 1818 2145; x_wconf 82' lang='lat' dir='ltr'><strong>suam</strong></span> 
     </span>
     <span class='ocr_line' id='line_1_32' title="bbox 1016 2172 1818 2244; baseline 0.007 -16"><span class='ocrx_word' id='word_1_314' title='bbox 1016 2172 1051 2228; x_wconf 93' lang='lat' dir='ltr'><strong>ad</strong></span> <span class='ocrx_word' id='word_1_315' title='bbox 1081 2173 1233 2243; x_wconf 78' lang='lat' dir='ltr'><strong>posteriora</strong></span> <span class='ocrx_word' id='word_1_316' title='bbox 1255 2173 1317 2244; x_wconf 91' lang='lat' dir='ltr'><strong>equi</strong></span> <span class='ocrx_word' id='word_1_317' title='bbox 1339 2173 1483 2229; x_wconf 90' lang='lat' dir='ltr'><strong>insidendo</strong></span> <span class='ocrx_word' id='word_1_318' title='bbox 1504 2175 1650 2232; x_wconf 90' lang='lat' dir='ltr'><strong>oouvortit.</strong></span> <span class='ocrx_word' id='word_1_319' title='bbox 1674 2177 1818 2234; x_wconf 79' lang='lat' dir='ltr'><strong>AEstimans</strong></span> 
     </span>
     <span class='ocr_line' id='line_1_33' title="bbox 1017 2260 1819 2337; baseline 0.007 -21"><span class='ocrx_word' id='word_1_320' title='bbox 1017 2260 1107 2333; x_wconf 90' lang='lat' dir='ltr'><strong>itaque</strong></span> <span class='ocrx_word' id='word_1_321' title='bbox 1123 2261 1150 2316; x_wconf 95' lang='lat' dir='ltr'><strong>id</strong></span> <span class='ocrx_word' id='word_1_322' title='bbox 1163 2277 1214 2333; x_wconf 89' lang='lat' dir='ltr'><strong>per</strong></span> <span class='ocrx_word' id='word_1_323' title='bbox 1229 2260 1389 2317; x_wconf 81' lang='lat' dir='ltr'><strong>famulorum</strong></span> <span class='ocrx_word' id='word_1_324' title='bbox 1405 2262 1554 2332; x_wconf 73' lang='lat' dir='ltr'><strong>contigisse</strong></span> <span class='ocrx_word' id='word_1_325' title='bbox 1570 2265 1744 2337; x_wconf 86' lang='lat' dir='ltr'><strong>neglectum,</strong></span> <span class='ocrx_word' id='word_1_326' title='bbox 1767 2267 1819 2322; x_wconf 89' lang='lat' dir='ltr'><strong>ira-</strong></span> 
     </span>
     <span class='ocr_line' id='line_1_34' title="bbox 1016 2350 1817 2425; baseline 0.01 -20"><span class='ocrx_word' id='word_1_327' title='bbox 1016 2358 1061 2405; x_wconf 89' lang='lat' dir='ltr'><strong>tus</strong></span> <span class='ocrx_word' id='word_1_328' title='bbox 1075 2350 1155 2405; x_wconf 91' lang='lat' dir='ltr'><strong>valde</strong></span> <span class='ocrx_word' id='word_1_329' title='bbox 1174 2350 1270 2406; x_wconf 91' lang='lat' dir='ltr'><strong>resiliit</strong></span> <span class='ocrx_word' id='word_1_330' title='bbox 1291 2359 1316 2406; x_wconf 92' lang='lat' dir='ltr'><strong>et</strong></span> <span class='ocrx_word' id='word_1_331' title='bbox 1332 2351 1468 2407; x_wconf 88' lang='lat' dir='ltr'><strong>caballum</strong></span> <span class='ocrx_word' id='word_1_332' title='bbox 1483 2353 1612 2424; x_wconf 80' lang='lat' dir='ltr'><strong>regyrari</strong></span> <span class='ocrx_word' id='word_1_333' title='bbox 1634 2353 1719 2410; x_wconf 90' lang='lat' dir='ltr'><strong>citius</strong></span> <span class='ocrx_word' id='word_1_334' title='bbox 1730 2356 1817 2425; x_wconf 86' lang='lat' dir='ltr'><strong>jussit.</strong></span> 
     </span>
     <span class='ocr_line' id='line_1_35' title="bbox 1017 2438 1818 2516; baseline 0.009 -22"><span class='ocrx_word' id='word_1_335' title='bbox 1017 2438 1138 2512; x_wconf 89' lang='lat' dir='ltr'><strong>Cumque</strong></span> <span class='ocrx_word' id='word_1_336' title='bbox 1153 2440 1272 2496; x_wconf 88' lang='lat' dir='ltr'><strong>secunda</strong></span> <span class='ocrx_word' id='word_1_337' title='bbox 1291 2456 1322 2495; x_wconf 89' lang='lat' dir='ltr'><strong>ac</strong></span> <span class='ocrx_word' id='word_1_338' title='bbox 1346 2440 1427 2496; x_wconf 91' lang='lat' dir='ltr'><strong>tertia</strong></span> <span class='ocrx_word' id='word_1_339' title='bbox 1447 2440 1506 2497; x_wconf 90' lang='lat' dir='ltr'><strong>vioe</strong></span> <span class='ocrx_word' id='word_1_340' title='bbox 1527 2441 1682 2499; x_wconf 87' lang='lat' dir='ltr'><strong>ascendere</strong></span> <span class='ocrx_word' id='word_1_341' title='bbox 1707 2444 1818 2516; x_wconf 88' lang='lat' dir='ltr'><strong>cupiens</strong></span> 
     </span>
     <span class='ocr_line' id='line_1_36' title="bbox 1017 2526 1818 2599; baseline 0.009 -16"><span class='ocrx_word' id='word_1_342' title='bbox 1017 2528 1076 2599; x_wconf 89' lang='lat' dir='ltr'><strong>pari</strong></span> <span class='ocrx_word' id='word_1_343' title='bbox 1092 2526 1231 2583; x_wconf 87' lang='lat' dir='ltr'><strong>luderetur</strong></span> <span class='ocrx_word' id='word_1_344' title='bbox 1245 2543 1350 2595; x_wconf 90' lang='lat' dir='ltr'><strong>errore,</strong></span> <span class='ocrx_word' id='word_1_345' title='bbox 1367 2528 1477 2585; x_wconf 87' lang='lat' dir='ltr'><strong>taudem</strong></span> <span class='ocrx_word' id='word_1_346' title='bbox 1500 2528 1630 2586; x_wconf 89' lang='lat' dir='ltr'><strong>clientum</strong></span> <span class='ocrx_word' id='word_1_347' title='bbox 1652 2531 1818 2590; x_wconf 89' lang='lat' dir='ltr'><strong>adminiculo</strong></span> 
     </span>
    </p>
   </div>
   <div class='ocr_carea' id='block_1_10' title="bbox 954 2618 1817 3043">
    <p class='ocr_par' dir='ltr' id='par_1_10' title="bbox 954 2618 1817 3043">
     <span class='ocr_line' id='line_1_37' title="bbox 1017 2618 1817 2689; baseline 0.01 -17"><span class='ocrx_word' id='word_1_348' title='bbox 1017 2632 1087 2689; x_wconf 88' lang='lat' dir='ltr'><strong>aquo</strong></span> <span class='ocrx_word' id='word_1_349' title='bbox 1102 2618 1286 2689; x_wconf 89' lang='lat' dir='ltr'><strong>superpositus</strong></span> <span class='ocrx_word' id='word_1_350' title='bbox 1301 2618 1465 2674; x_wconf 89' lang='lat' dir='ltr'><strong>monasterio</strong></span> <span class='ocrx_word' id='word_1_351' title='bbox 1481 2635 1544 2675; x_wconf 91' lang='lat' dir='ltr'><strong>cum</strong></span> <span class='ocrx_word' id='word_1_352' title='bbox 1558 2620 1660 2676; x_wconf 87' lang='lat' dir='ltr'><strong>rubore</strong></span> <span class='ocrx_word' id='word_1_353' title='bbox 1682 2621 1817 2680; x_wconf 80' lang='lat' dir='ltr'><strong>discessit.</strong></span> 
     </span>
     <span class='ocr_line' id='line_1_38' title="bbox 954 2704 1817 2779; baseline 0.008 -18"><span class='ocrx_word' id='word_1_354' title='bbox 954 2756 961 2769; x_wconf 86' lang='grc'><em>,</em></span> <span class='ocrx_word' id='word_1_355' title='bbox 1016 2705 1077 2762; x_wconf 92' lang='lat' dir='ltr'><strong>Non</strong></span> <span class='ocrx_word' id='word_1_356' title='bbox 1093 2705 1174 2779; x_wconf 85' lang='lat' dir='ltr'><strong>longo</strong></span> <span class='ocrx_word' id='word_1_357' title='bbox 1190 2714 1280 2761; x_wconf 93' lang='lat' dir='ltr'><strong>autem</strong></span> <span class='ocrx_word' id='word_1_358' title='bbox 1302 2704 1365 2762; x_wconf 90' lang='lat' dir='ltr'><strong>iude</strong></span> <span class='ocrx_word' id='word_1_359' title='bbox 1389 2705 1516 2777; x_wconf 91' lang='lat' dir='ltr'><strong>positum,</strong></span> <span class='ocrx_word' id='word_1_360' title='bbox 1542 2708 1633 2764; x_wconf 91' lang='lat' dir='ltr'><strong>subito</strong></span> <span class='ocrx_word' id='word_1_361' title='bbox 1657 2725 1722 2765; x_wconf 92' lang='lat' dir='ltr'><strong>eum</strong></span> <span class='ocrx_word' id='word_1_362' title='bbox 1743 2711 1817 2768; x_wconf 88' lang='lat' dir='ltr'><strong>dims</strong></span> 
     </span>
     <span class='ocr_line' id='line_1_39' title="bbox 1016 2793 1814 2868; baseline 0.008 -19"><span class='ocrx_word' id='word_1_363' title='bbox 1016 2793 1156 2850; x_wconf 91' lang='lat' dir='ltr'><strong>oculorum</strong></span> <span class='ocrx_word' id='word_1_364' title='bbox 1172 2793 1252 2850; x_wconf 92' lang='lat' dir='ltr'><strong>dolor</strong></span> <span class='ocrx_word' id='word_1_365' title='bbox 1266 2793 1375 2861; x_wconf 91' lang='lat' dir='ltr'><strong>invasit,</strong></span> <span class='ocrx_word' id='word_1_366' title='bbox 1389 2809 1422 2851; x_wconf 93' lang='lat' dir='ltr'><strong>ac</strong></span> <span class='ocrx_word' id='word_1_367' title='bbox 1436 2794 1536 2851; x_wconf 85' lang='lat' dir='ltr'><strong>deinde</strong></span> <span class='ocrx_word' id='word_1_368' title='bbox 1547 2812 1598 2868; x_wconf 89' lang='lat' dir='ltr'><strong>per</strong></span> <span class='ocrx_word' id='word_1_369' title='bbox 1607 2805 1748 2854; x_wconf 87' lang='lat' dir='ltr'><strong>momenta</strong></span> <span class='ocrx_word' id='word_1_370' title='bbox 1759 2799 1814 2855; x_wconf 90' lang='lat' dir='ltr'><strong>sin·</strong></span> 
     </span>
     <span class='ocr_line' id='line_1_40' title="bbox 1016 2882 1814 2956; baseline 0.01 -20"><span class='ocrx_word' id='word_1_371' title='bbox 1016 2882 1081 2954; x_wconf 83' lang='lat' dir='ltr'><strong>gula</strong></span> <span class='ocrx_word' id='word_1_372' title='bbox 1096 2882 1274 2939; x_wconf 86' lang='lat' dir='ltr'><strong>decrescente</strong></span> <span class='ocrx_word' id='word_1_373' title='bbox 1289 2883 1358 2948; x_wconf 84' lang='lat' dir='ltr'><strong>visu,</strong></span> <span class='ocrx_word' id='word_1_374' title='bbox 1375 2883 1505 2941; x_wconf 87' lang='lat' dir='ltr'><strong>caeoitatis</strong></span> <span class='ocrx_word' id='word_1_375' title='bbox 1519 2884 1636 2943; x_wconf 87' lang='lat' dir='ltr'><strong>horrore</strong></span> <span class='ocrx_word' id='word_1_376' title='bbox 1645 2886 1814 2956; x_wconf 85' lang='lat' dir='ltr'><strong>damnatam,</strong></span> 
     </span>
     <span class='ocr_line' id='line_1_41' title="bbox 1016 2970 1501 3043; baseline 0.004 -17"><span class='ocrx_word' id='word_1_377' title='bbox 1016 2970 1149 3027; x_wconf 89' lang='lat' dir='ltr'><strong>materiali</strong></span> <span class='ocrx_word' id='word_1_378' title='bbox 1165 2970 1284 3026; x_wconf 78' lang='lat' dir='ltr'><strong>funditus</strong></span> <span class='ocrx_word' id='word_1_379' title='bbox 1299 2971 1361 3027; x_wconf 90' lang='lat' dir='ltr'><strong>luce</strong></span> <span class='ocrx_word' id='word_1_380' title='bbox 1374 2972 1501 3043; x_wconf 90' lang='lat' dir='ltr'><strong>privavit.</strong></span> 
     </span>
    </p>
   </div>
   <div class='ocr_carea' id='block_1_11' title="bbox 150 3085 1816 5697">
    <p class='ocr_par' dir='ltr' id='par_1_11' title="bbox 200 3085 1527 3216">
     <span class='ocr_line' id='line_1_42' title="bbox 200 3085 1527 3216; baseline 0 -17"><span class='ocrx_word' id='word_1_381' title='bbox 200 3145 230 3199; x_wconf 93' lang='lat' dir='ltr'><strong>ln</strong></span> <span class='ocrx_word' id='word_1_382' title='bbox 238 3144 413 3216; x_wconf 88' lang='lat' dir='ltr'><strong>possessione</strong></span> <span class='ocrx_word' id='word_1_383' title='bbox 428 3143 545 3216; x_wconf 88' lang='lat' dir='ltr'><strong>quadarn</strong></span> <span class='ocrx_word' id='word_1_384' title='bbox 566 3142 690 3211; x_wconf 75' lang='lat' dir='ltr'><strong>eiusdem</strong></span> <span class='ocrx_word' id='word_1_385' title='bbox 708 3141 877 3209; x_wconf 87' lang='lat' dir='ltr'><strong>monasterii,</strong></span> <span class='ocrx_word' id='word_1_386' title='bbox 887 3158 964 3215; x_wconf 78' lang='lat' dir='ltr'><strong>quae·</strong></span> <span class='ocrx_word' id='word_1_387' title='bbox 979 3085 1004 3149; x_wconf 75' lang='lat' dir='ltr'>C</span> <span class='ocrx_word' id='word_1_388' title='bbox 1299 3103 1411 3160; x_wconf 62' lang='lat' dir='ltr'><strong>CAPUT</strong></span> <span class='ocrx_word' id='word_1_389' title='bbox 1425 3104 1527 3161; x_wconf 68' lang='lat' dir='ltr'>xxm·</span> 
     </span>
    </p>

    <p class='ocr_par' dir='ltr' id='par_1_12' title="bbox 161 3221 1816 3392">
     <span class='ocr_line' id='line_1_43' title="bbox 161 3221 1816 3307; baseline 0.002 -20"><span class='ocrx_word' id='word_1_390' title='bbox 161 3232 226 3287; x_wconf 94' lang='lat' dir='ltr'><strong>dam</strong></span> <span class='ocrx_word' id='word_1_391' title='bbox 241 3232 338 3287; x_wconf 90' lang='lat' dir='ltr'><strong>silvula</strong></span> <span class='ocrx_word' id='word_1_392' title='bbox 350 3232 387 3287; x_wconf 95' lang='lat' dir='ltr'><strong>ob</strong></span> <span class='ocrx_word' id='word_1_393' title='bbox 408 3246 552 3302; x_wconf 88' lang='lat' dir='ltr'><strong>porcorum</strong></span> <span class='ocrx_word' id='word_1_394' title='bbox 573 3238 682 3301; x_wconf 89' lang='lat' dir='ltr'><strong>pastum</strong></span> <span class='ocrx_word' id='word_1_395' title='bbox 712 3230 916 3287; x_wconf 89' lang='lat' dir='ltr'><strong>custodiebatur</strong></span> <span class='ocrx_word' id='word_1_396' title='bbox 930 3247 964 3287; x_wconf 91' lang='lat' dir='ltr'><strong>ne</strong></span> <span class='ocrx_word' id='word_1_397' title='bbox 1052 3221 1290 3289; x_wconf 78' lang='lat' dir='ltr'><strong>Quemadmodum</strong></span> <span class='ocrx_word' id='word_1_398' title='bbox 1304 3221 1449 3304; x_wconf 61' lang='grc' dir='ltr'><strong>ὶῆϋθθίξΐαδ</strong></span> <span class='ocrx_word' id='word_1_399' title='bbox 1465 3223 1644 3307; x_wconf 50' lang='lat' dir='ltr'><strong>viriam&amp;</strong></span> <span class='ocrx_word' id='word_1_400' title='bbox 1664 3225 1816 3298; x_wconf 60' lang='lat' dir='ltr'><strong>quemdam</strong></span> 
     </span>
     <span class='ocr_line' id='line_1_44' title="bbox 162 3292 1548 3392; baseline 0.001 -17"><span class='ocrx_word' id='word_1_401' title='bbox 162 3320 267 3392; x_wconf 85' lang='lat' dir='ltr'><strong>passim</strong></span> <span class='ocrx_word' id='word_1_402' title='bbox 281 3335 297 3374; x_wconf 90' lang='lat' dir='ltr'><strong>a</strong></span> <span class='ocrx_word' id='word_1_403' title='bbox 311 3318 403 3374; x_wconf 92' lang='lat' dir='ltr'><strong>multis</strong></span> <span class='ocrx_word' id='word_1_404' title='bbox 417 3328 624 3376; x_wconf 90' lang='lat' dir='ltr'><strong>consumeretur</strong></span> <span class='ocrx_word' id='word_1_405' title='bbox 637 3319 736 3376; x_wconf 90' lang='lat' dir='ltr'><strong>inorsa.</strong></span> <span class='ocrx_word' id='word_1_406' title='bbox 759 3321 837 3375; x_wconf 85' lang='lat' dir='ltr'><strong>Hauc</strong></span> <span class='ocrx_word' id='word_1_407' title='bbox 860 3336 965 3392; x_wconf 87' lang='lat' dir='ltr'><strong>pauper</strong></span> <span class='ocrx_word' id='word_1_408' title='bbox 1264 3309 1281 3348; x_wconf 61' lang='grc' dir='ltr'><em>α</em></span> <span class='ocrx_word' id='word_1_409' title='bbox 1295 3308 1363 3349; x_wconf 70' lang='lat'><strong>”⁰⁶⁶</strong></span> <span class='ocrx_word' id='word_1_410' title='bbox 1379 3292 1548 3350; x_wconf 59' lang='lat' dir='ltr'><strong>hbemvm&#39;·</strong></span> 
     </span>
    </p>

    <p class='ocr_par' dir='ltr' id='par_1_13' title="bbox 150 3405 1814 5697">
     <span class='ocr_line' id='line_1_45' title="bbox 162 3405 1814 3481; baseline 0.003 -20"><span class='ocrx_word' id='word_1_411' title='bbox 162 3407 273 3481; x_wconf 93' lang='lat' dir='ltr'><strong>quidam</strong></span> <span class='ocrx_word' id='word_1_412' title='bbox 288 3408 393 3465; x_wconf 90' lang='lat' dir='ltr'><strong>occulte</strong></span> <span class='ocrx_word' id='word_1_413' title='bbox 422 3407 526 3464; x_wconf 84' lang='lat' dir='ltr'><strong>solebat</strong></span> <span class='ocrx_word' id='word_1_414' title='bbox 539 3409 625 3475; x_wconf 87' lang='lat' dir='ltr'><strong>adire,</strong></span> <span class='ocrx_word' id='word_1_415' title='bbox 643 3416 670 3464; x_wconf 92' lang='lat' dir='ltr'><strong>et</strong></span> <span class='ocrx_word' id='word_1_416' title='bbox 684 3408 775 3464; x_wconf 78' lang='lat' dir='ltr'><strong>ludim</strong></span> <span class='ocrx_word' id='word_1_417' title='bbox 792 3409 859 3465; x_wconf 92' lang='lat' dir='ltr'><strong>inibi</strong></span> <span class='ocrx_word' id='word_1_418' title='bbox 881 3409 964 3464; x_wconf 89' lang='lat' dir='ltr'><strong>multa</strong></span> <span class='ocrx_word' id='word_1_419' title='bbox 1048 3407 1191 3463; x_wconf 88' lang='lat' dir='ltr'><strong>luvocatus</strong></span> <span class='ocrx_word' id='word_1_420' title='bbox 1220 3405 1301 3462; x_wconf 91' lang='lat' dir='ltr'><strong>etiam</strong></span> <span class='ocrx_word' id='word_1_421' title='bbox 1316 3406 1478 3462; x_wconf 89' lang='lat' dir='ltr'><strong>venerabilis</strong></span> <span class='ocrx_word' id='word_1_422' title='bbox 1493 3405 1590 3463; x_wconf 87' lang='lat' dir='ltr'><strong>Gallus</strong></span> <span class='ocrx_word' id='word_1_423' title='bbox 1614 3423 1700 3479; x_wconf 84' lang='lat' dir='ltr'><strong>quam</strong></span> <span class='ocrx_word' id='word_1_424' title='bbox 1721 3424 1814 3481; x_wconf 89' lang='lat' dir='ltr'><strong>prom-</strong></span> 
     </span>
     <span class='ocr_line' id='line_1_46' title="bbox 161 3494 1814 3570; baseline 0.002 -19"><span class='ocrx_word' id='word_1_425' title='bbox 161 3496 345 3568; x_wconf 78' lang='lat' dir='ltr'><strong>prrecidendo,</strong></span> <span class='ocrx_word' id='word_1_426' title='bbox 374 3497 480 3570; x_wconf 89' lang='lat' dir='ltr'><strong>grande</strong></span> <span class='ocrx_word' id='word_1_427' title='bbox 509 3497 642 3553; x_wconf 87' lang='lat' dir='ltr'><strong>damnum</strong></span> <span class='ocrx_word' id='word_1_428' title='bbox 663 3497 773 3554; x_wconf 88' lang='lat' dir='ltr'><strong>inicrre.</strong></span> <span class='ocrx_word' id='word_1_429' title='bbox 801 3499 894 3569; x_wconf 86' lang='lat' dir='ltr'><strong>ltaque</strong></span> <span class='ocrx_word' id='word_1_430' title='bbox 918 3497 962 3553; x_wconf 93' lang='lat' dir='ltr'><strong>die</strong></span> <span class='ocrx_word' id='word_1_431' title='bbox 1012 3502 1088 3565; x_wconf 90' lang='lat' dir='ltr'><strong>ptum</strong></span> <span class='ocrx_word' id='word_1_432' title='bbox 1106 3494 1245 3567; x_wconf 90' lang='lat' dir='ltr'><strong>impendat</strong></span> <span class='ocrx_word' id='word_1_433' title='bbox 1269 3496 1405 3561; x_wconf 87' lang='lat' dir='ltr'><strong>auxilium,</strong></span> <span class='ocrx_word' id='word_1_434' title='bbox 1433 3496 1559 3566; x_wconf 89' lang='lat' dir='ltr'><strong>sequenti</strong></span> <span class='ocrx_word' id='word_1_435' title='bbox 1580 3496 1698 3568; x_wconf 86' lang='lat' dir='ltr'><strong>liquebit</strong></span> <span class='ocrx_word' id='word_1_436' title='bbox 1726 3514 1814 3554; x_wconf 80' lang='lat' dir='ltr'><strong>exem·</strong></span> 
     </span>
     <span class='ocr_line' id='line_1_47' title="bbox 160 3582 1812 3658; baseline 0.001 -17"><span class='ocrx_word' id='word_1_437' title='bbox 160 3585 291 3658; x_wconf 88' lang='lat' dir='ltr'><strong>quadem,</strong></span> <span class='ocrx_word' id='word_1_438' title='bbox 306 3601 367 3642; x_wconf 90' lang='lat' dir='ltr'><strong>curn</strong></span> <span class='ocrx_word' id='word_1_439' title='bbox 378 3585 455 3656; x_wconf 87' lang='lat' dir='ltr'><strong>juxta</strong></span> <span class='ocrx_word' id='word_1_440' title='bbox 468 3601 659 3642; x_wconf 89' lang='lat' dir='ltr'><strong>moremsuum</strong></span> <span class='ocrx_word' id='word_1_441' title='bbox 672 3586 787 3642; x_wconf 88' lang='lat' dir='ltr'><strong>latenter</strong></span> <span class='ocrx_word' id='word_1_442' title='bbox 801 3586 924 3655; x_wconf 86' lang='lat' dir='ltr'><strong>intraret,</strong></span> <span class='ocrx_word' id='word_1_443' title='bbox 935 3594 963 3641; x_wconf 89' lang='lat' dir='ltr'><strong>et</strong></span> <span class='ocrx_word' id='word_1_444' title='bbox 1012 3582 1058 3654; x_wconf 89' lang='lat' dir='ltr'><strong>plo</strong></span> <span class='ocrx_word' id='word_1_445' title='bbox 1075 3600 1081 3639; x_wconf 93' lang='lat'>:</span> <span class='ocrx_word' id='word_1_446' title='bbox 1099 3583 1208 3655; x_wconf 89' lang='lat' dir='ltr'><strong>quidam</strong></span> <span class='ocrx_word' id='word_1_447' title='bbox 1223 3583 1273 3650; x_wconf 90' lang='lat' dir='ltr'><strong>vir,</strong></span> <span class='ocrx_word' id='word_1_448' title='bbox 1289 3585 1353 3639; x_wconf 92' lang='lat' dir='ltr'><strong>dum</strong></span> <span class='ocrx_word' id='word_1_449' title='bbox 1367 3600 1417 3655; x_wconf 88' lang='lat' dir='ltr'><strong>por</strong></span> <span class='ocrx_word' id='word_1_450' title='bbox 1430 3583 1528 3639; x_wconf 88' lang='lat' dir='ltr'><strong>silvam</strong></span> <span class='ocrx_word' id='word_1_451' title='bbox 1542 3585 1694 3656; x_wconf 87' lang='lat' dir='ltr'><strong>quamdam</strong></span> <span class='ocrx_word' id='word_1_452' title='bbox 1709 3585 1763 3641; x_wconf 89' lang='lat' dir='ltr'><strong>iter</strong></span> <span class='ocrx_word' id='word_1_453' title='bbox 1775 3585 1812 3643; x_wconf 87' lang='lat' dir='ltr'><strong>la·</strong></span> 
     </span>
     <span class='ocr_line' id='line_1_48' title="bbox 157 3672 1812 3749; baseline 0.001 -20"><span class='ocrx_word' id='word_1_454' title='bbox 157 3688 245 3746; x_wconf 89' lang='lat' dir='ltr'><strong>pauca</strong></span> <span class='ocrx_word' id='word_1_455' title='bbox 267 3674 420 3731; x_wconf 88' lang='lat' dir='ltr'><strong>succideret</strong></span> <span class='ocrx_word' id='word_1_456' title='bbox 447 3675 568 3740; x_wconf 90' lang='lat' dir='ltr'><strong>arbusta,</strong></span> <span class='ocrx_word' id='word_1_457' title='bbox 594 3675 702 3746; x_wconf 87' lang='lat' dir='ltr'><strong>gladius</strong></span> <span class='ocrx_word' id='word_1_458' title='bbox 731 3689 813 3748; x_wconf 92' lang='lat' dir='ltr'><strong>quem</strong></span> <span class='ocrx_word' id='word_1_459' title='bbox 841 3675 960 3743; x_wconf 87' lang='lat' dir='ltr'><strong>tenebat,</strong></span> <span class='ocrx_word' id='word_1_460' title='bbox 1011 3679 1094 3738; x_wconf 89' lang='lat' dir='ltr'><strong>ceret,</strong></span> <span class='ocrx_word' id='word_1_461' title='bbox 1111 3688 1143 3728; x_wconf 91' lang='lat' dir='ltr'><strong>ac</strong></span> <span class='ocrx_word' id='word_1_462' title='bbox 1158 3672 1354 3744; x_wconf 84' lang='lat' dir='ltr'><strong>circumspecte</strong></span> <span class='ocrx_word' id='word_1_463' title='bbox 1370 3672 1495 3729; x_wconf 87' lang='lat' dir='ltr'><strong>incursus</strong></span> <span class='ocrx_word' id='word_1_464' title='bbox 1512 3672 1654 3729; x_wconf 90' lang='lat' dir='ltr'><strong>latronum</strong></span> <span class='ocrx_word' id='word_1_465' title='bbox 1680 3675 1727 3749; x_wconf 90' lang='lat' dir='ltr'><strong>qui</strong></span> <span class='ocrx_word' id='word_1_466' title='bbox 1740 3675 1812 3733; x_wconf 89' lang='lat' dir='ltr'><strong>inea</strong></span> 
     </span>
     <span class='ocr_line' id='line_1_49' title="bbox 157 3759 1811 3835; baseline 0.001 -17"><span class='ocrx_word' id='word_1_467' title='bbox 157 3770 212 3818; x_wconf 89' lang='lat' dir='ltr'><strong>tam</strong></span> <span class='ocrx_word' id='word_1_468' title='bbox 227 3763 316 3819; x_wconf 88' lang='lat' dir='ltr'><strong>valide</strong></span> <span class='ocrx_word' id='word_1_469' title='bbox 331 3763 423 3819; x_wconf 93' lang='lat' dir='ltr'><strong>manui</strong></span> <span class='ocrx_word' id='word_1_470' title='bbox 444 3763 649 3833; x_wconf 85' lang='lat' dir='ltr'><strong>ejusadbaesit,</strong></span> <span class='ocrx_word' id='word_1_471' title='bbox 679 3770 706 3818; x_wconf 90' lang='lat' dir='ltr'><strong>ut</strong></span> <span class='ocrx_word' id='word_1_472' title='bbox 726 3763 802 3818; x_wconf 83' lang='lat' dir='ltr'><strong>ibam</strong></span> <span class='ocrx_word' id='word_1_473' title='bbox 823 3763 961 3835; x_wconf 88' lang='lat' dir='ltr'><strong>deponere</strong></span> <span class='ocrx_word' id='word_1_474' title='bbox 1011 3759 1136 3816; x_wconf 88' lang='lat' dir='ltr'><strong>solebant</strong></span> <span class='ocrx_word' id='word_1_475' title='bbox 1158 3761 1333 3828; x_wconf 88' lang='lat' dir='ltr'><strong>commorari,</strong></span> <span class='ocrx_word' id='word_1_476' title='bbox 1350 3761 1494 3834; x_wconf 91' lang='lat' dir='ltr'><strong>multisque</strong></span> <span class='ocrx_word' id='word_1_477' title='bbox 1517 3777 1631 3830; x_wconf 89' lang='lat' dir='ltr'><strong>nocere,</strong></span> <span class='ocrx_word' id='word_1_478' title='bbox 1661 3761 1811 3820; x_wconf 81' lang='lat' dir='ltr'><strong>festinando</strong></span> 
     </span>
     <span class='ocr_line' id='line_1_50' title="bbox 157 3848 1808 3925; baseline 0 -19"><span class='ocrx_word' id='word_1_479' title='bbox 157 3852 312 3908; x_wconf 88' lang='lat' dir='ltr'><strong>nullatenus</strong></span> <span class='ocrx_word' id='word_1_480' title='bbox 340 3852 484 3923; x_wconf 87' lang='lat' dir='ltr'><strong>potuisset.</strong></span> <span class='ocrx_word' id='word_1_481' title='bbox 521 3854 683 3925; x_wconf 79' lang='lat' dir='ltr'><strong>Agnoscens</strong></span> <span class='ocrx_word' id='word_1_482' title='bbox 714 3852 797 3925; x_wconf 90' lang='lat' dir='ltr'><strong>igitur</strong></span> <span class='ocrx_word' id='word_1_483' title='bbox 820 3852 897 3922; x_wconf 74' lang='lat' dir='ltr'><strong>cnjus</strong></span> <span class='ocrx_word' id='word_1_484' title='bbox 921 3851 961 3908; x_wconf 92' lang='lat' dir='ltr'><strong>rei</strong></span> <span class='ocrx_word' id='word_1_485' title='bbox 1011 3848 1133 3907; x_wconf 88' lang='lat' dir='ltr'><strong>devitare</strong></span> <span class='ocrx_word' id='word_1_486' title='bbox 1143 3859 1296 3917; x_wconf 90' lang='lat' dir='ltr'><strong>conaretur,</strong></span> <span class='ocrx_word' id='word_1_487' title='bbox 1321 3857 1411 3905; x_wconf 76' lang='lat' dir='ltr'><strong>tantm</strong></span> <span class='ocrx_word' id='word_1_488' title='bbox 1426 3866 1487 3906; x_wconf 91' lang='lat' dir='ltr'><strong>oum</strong></span> <span class='ocrx_word' id='word_1_489' title='bbox 1507 3850 1693 3924; x_wconf 88' lang='lat' dir='ltr'><strong>subitosopor</strong></span> <span class='ocrx_word' id='word_1_490' title='bbox 1702 3852 1808 3922; x_wconf 86' lang='lat' dir='ltr'><strong>invasit,</strong></span> 
     </span>
     <span class='ocr_line' id='line_1_51' title="bbox 157 3934 1808 4011; baseline 0.001 -17"><span class='ocrx_word' id='word_1_491' title='bbox 157 3952 242 3994; x_wconf 87' lang='lat' dir='ltr'><strong>causa</strong></span> <span class='ocrx_word' id='word_1_492' title='bbox 256 3935 402 3993; x_wconf 88' lang='lat' dir='ltr'><strong>mulctatus</strong></span> <span class='ocrx_word' id='word_1_493' title='bbox 417 3937 462 4003; x_wconf 90' lang='lat' dir='ltr'><strong>sit,</strong></span> <span class='ocrx_word' id='word_1_494' title='bbox 489 3936 524 3991; x_wconf 89' lang='lat' dir='ltr'><strong>ad</strong></span> <span class='ocrx_word' id='word_1_495' title='bbox 549 3934 691 3992; x_wconf 90' lang='lat' dir='ltr'><strong>basilicam</strong></span> <span class='ocrx_word' id='word_1_496' title='bbox 714 3935 742 3990; x_wconf 92' lang='lat' dir='ltr'><strong>in</strong></span> <span class='ocrx_word' id='word_1_497' title='bbox 762 3936 866 3992; x_wconf 88' lang='lat' dir='ltr'><strong>honore</strong></span> <span class='ocrx_word' id='word_1_498' title='bbox 886 3936 960 3992; x_wconf 86' lang='lat' dir='ltr'><strong>beati</strong></span> <span class='ocrx_word' id='word_1_499' title='bbox 1011 3945 1040 3993; x_wconf 92' lang='lat' dir='ltr'><strong>ut</strong></span> <span class='ocrx_word' id='word_1_500' title='bbox 1069 3937 1113 3993; x_wconf 88' lang='lat' dir='ltr'><strong>vix</strong></span> <span class='ocrx_word' id='word_1_501' title='bbox 1135 3937 1264 3995; x_wconf 87' lang='lat' dir='ltr'><strong>incedere</strong></span> <span class='ocrx_word' id='word_1_502' title='bbox 1285 3938 1427 4009; x_wconf 89' lang='lat' dir='ltr'><strong>potuisset.</strong></span> <span class='ocrx_word' id='word_1_503' title='bbox 1454 3938 1577 4009; x_wconf 87' lang='lat' dir='ltr'><strong>Cumque</strong></span> <span class='ocrx_word' id='word_1_504' title='bbox 1598 3940 1717 4011; x_wconf 87' lang='lat' dir='ltr'><strong>periculi</strong></span> <span class='ocrx_word' id='word_1_505' title='bbox 1737 3947 1808 3996; x_wconf 89' lang='lat' dir='ltr'><strong>metu</strong></span> 
     </span>
     <span class='ocr_line' id='line_1_52' title="bbox 158 4024 1804 4097; baseline 0.002 -15"><span class='ocrx_word' id='word_1_506' title='bbox 158 4025 231 4082; x_wconf 82' lang='lat' dir='ltr'><strong>Galli</strong></span> <span class='ocrx_word' id='word_1_507' title='bbox 245 4032 428 4082; x_wconf 88' lang='lat' dir='ltr'><strong>constructam</strong></span> <span class='ocrx_word' id='word_1_508' title='bbox 444 4024 594 4091; x_wconf 83' lang='lat' dir='ltr'><strong>festinavit,</strong></span> <span class='ocrx_word' id='word_1_509' title='bbox 610 4025 712 4097; x_wconf 89' lang='lat' dir='ltr'><strong>diuque</strong></span> <span class='ocrx_word' id='word_1_510' title='bbox 729 4024 895 4081; x_wconf 88' lang='lat' dir='ltr'><strong>orationibus</strong></span> <span class='ocrx_word' id='word_1_511' title='bbox 915 4027 958 4080; x_wconf 93' lang='lat' dir='ltr'><strong>in-</strong></span> <span class='ocrx_word' id='word_1_512' title='bbox 1009 4034 1152 4096; x_wconf 87' lang='lat' dir='ltr'><strong>suspectos</strong></span> <span class='ocrx_word' id='word_1_513' title='bbox 1167 4026 1282 4083; x_wconf 89' lang='lat' dir='ltr'><strong>baberet</strong></span> <span class='ocrx_word' id='word_1_514' title='bbox 1295 4026 1411 4094; x_wconf 89' lang='lat' dir='ltr'><strong>itineris,</strong></span> <span class='ocrx_word' id='word_1_515' title='bbox 1426 4042 1517 4094; x_wconf 86' lang='lat' dir='ltr'><strong>casus,</strong></span> <span class='ocrx_word' id='word_1_516' title='bbox 1526 4034 1553 4083; x_wconf 89' lang='lat' dir='ltr'><strong>et</strong></span> <span class='ocrx_word' id='word_1_517' title='bbox 1561 4027 1719 4085; x_wconf 86' lang='lat' dir='ltr'><strong>dormiendi</strong></span> <span class='ocrx_word' id='word_1_518' title='bbox 1728 4044 1804 4086; x_wconf 71' lang='lat' dir='ltr'><strong>musa</strong></span> 
     </span>
     <span class='ocr_line' id='line_1_53' title="bbox 157 4112 1805 4188; baseline 0.001 -17"><span class='ocrx_word' id='word_1_519' title='bbox 157 4115 301 4181; x_wconf 88' lang='lat' dir='ltr'><strong>cumbcus,</strong></span> <span class='ocrx_word' id='word_1_520' title='bbox 316 4129 398 4169; x_wconf 88' lang='lat' dir='ltr'><strong>manu</strong></span> <span class='ocrx_word' id='word_1_521' title='bbox 413 4113 534 4170; x_wconf 90' lang='lat' dir='ltr'><strong>resoluta</strong></span> <span class='ocrx_word' id='word_1_522' title='bbox 552 4113 675 4185; x_wconf 80' lang='lat' dir='ltr'><strong>gladium</strong></span> <span class='ocrx_word' id='word_1_523' title='bbox 689 4122 750 4169; x_wconf 89' lang='lat' dir='ltr'><strong>ante</strong></span> <span class='ocrx_word' id='word_1_524' title='bbox 772 4112 858 4170; x_wconf 90' lang='lat' dir='ltr'><strong>altare</strong></span> <span class='ocrx_word' id='word_1_525' title='bbox 880 4114 960 4170; x_wconf 91' lang='lat' dir='ltr'><strong>dimi·</strong></span> <span class='ocrx_word' id='word_1_526' title='bbox 1008 4113 1149 4186; x_wconf 85' lang='lat' dir='ltr'><strong>paulisper</strong></span> <span class='ocrx_word' id='word_1_527' title='bbox 1165 4115 1301 4171; x_wconf 89' lang='lat' dir='ltr'><strong>divertere</strong></span> <span class='ocrx_word' id='word_1_528' title='bbox 1321 4114 1412 4183; x_wconf 91' lang='lat' dir='ltr'><strong>vellet,</strong></span> <span class='ocrx_word' id='word_1_529' title='bbox 1437 4115 1570 4171; x_wconf 89' lang='lat' dir='ltr'><strong>rutiscum</strong></span> <span class='ocrx_word' id='word_1_530' title='bbox 1588 4118 1739 4188; x_wconf 90' lang='lat' dir='ltr'><strong>quemdam</strong></span> <span class='ocrx_word' id='word_1_531' title='bbox 1757 4117 1805 4173; x_wconf 90' lang='lat' dir='ltr'><strong>ob·</strong></span> 
     </span>
     <span class='ocr_line' id='line_1_54' title="bbox 156 4201 1807 4278; baseline 0.003 -20"><span class='ocrx_word' id='word_1_532' title='bbox 156 4201 200 4259; x_wconf 83' lang='lat' dir='ltr'><strong>sit.</strong></span> <span class='ocrx_word' id='word_1_533' title='bbox 215 4203 354 4276; x_wconf 85' lang='lat' dir='ltr'><strong>Egressus</strong></span> <span class='ocrx_word' id='word_1_534' title='bbox 368 4217 434 4258; x_wconf 87' lang='lat' dir='ltr'><strong>varo</strong></span> <span class='ocrx_word' id='word_1_535' title='bbox 448 4202 570 4275; x_wconf 87' lang='lat' dir='ltr'><strong>cogitare</strong></span> <span class='ocrx_word' id='word_1_536' title='bbox 590 4201 672 4272; x_wconf 89' lang='lat' dir='ltr'><strong>ooepit</strong></span> <span class='ocrx_word' id='word_1_537' title='bbox 691 4201 758 4256; x_wconf 91' lang='lat' dir='ltr'><strong>nihil</strong></span> <span class='ocrx_word' id='word_1_538' title='bbox 777 4202 876 4257; x_wconf 90' lang='lat' dir='ltr'><strong>obesse</strong></span> <span class='ocrx_word' id='word_1_539' title='bbox 890 4202 913 4258; x_wconf 89' lang='lat' dir='ltr'><strong>si</strong></span> <span class='ocrx_word' id='word_1_540' title='bbox 927 4201 960 4259; x_wconf 92' lang='lat' dir='ltr'><strong>li·</strong></span> <span class='ocrx_word' id='word_1_541' title='bbox 1008 4203 1083 4259; x_wconf 84' lang='lat' dir='ltr'><strong>vium</strong></span> <span class='ocrx_word' id='word_1_542' title='bbox 1096 4203 1201 4271; x_wconf 89' lang='lat' dir='ltr'><strong>habuit,</strong></span> <span class='ocrx_word' id='word_1_543' title='bbox 1225 4219 1341 4275; x_wconf 88' lang='lat' dir='ltr'><strong>eumque</strong></span> <span class='ocrx_word' id='word_1_544' title='bbox 1361 4218 1461 4278; x_wconf 88' lang='lat' dir='ltr'><strong>rogare</strong></span> <span class='ocrx_word' id='word_1_545' title='bbox 1481 4204 1565 4275; x_wconf 88' lang='lat' dir='ltr'><strong>coepit</strong></span> <span class='ocrx_word' id='word_1_546' title='bbox 1584 4212 1615 4260; x_wconf 89' lang='lat' dir='ltr'><strong>ut</strong></span> <span class='ocrx_word' id='word_1_547' title='bbox 1636 4205 1747 4262; x_wconf 88' lang='lat' dir='ltr'><strong>interim</strong></span> <span class='ocrx_word' id='word_1_548' title='bbox 1765 4221 1807 4263; x_wconf 84' lang='lat' dir='ltr'><strong>ou·</strong></span> 
     </span>
     <span class='ocr_line' id='line_1_55' title="bbox 154 4289 1807 4366; baseline 0.002 -19"><span class='ocrx_word' id='word_1_549' title='bbox 154 4307 209 4363; x_wconf 89' lang='lat' dir='ltr'><strong>gna</strong></span> <span class='ocrx_word' id='word_1_550' title='bbox 221 4307 281 4364; x_wconf 87' lang='lat' dir='ltr'><strong>quae</strong></span> <span class='ocrx_word' id='word_1_551' title='bbox 294 4290 574 4363; x_wconf 84' lang='lat' dir='ltr'><strong>praecideratdomum</strong></span> <span class='ocrx_word' id='word_1_552' title='bbox 584 4289 712 4357; x_wconf 81' lang='lat' dir='ltr'><strong>deferret,</strong></span> <span class='ocrx_word' id='word_1_553' title='bbox 727 4305 783 4345; x_wconf 91' lang='lat' dir='ltr'><strong>non</strong></span> <span class='ocrx_word' id='word_1_554' title='bbox 796 4298 886 4346; x_wconf 91' lang='lat' dir='ltr'><strong>autem</strong></span> <span class='ocrx_word' id='word_1_555' title='bbox 896 4306 959 4363; x_wconf 89' lang='lat' dir='ltr'><strong>pro·</strong></span> <span class='ocrx_word' id='word_1_556' title='bbox 1009 4298 1065 4348; x_wconf 83' lang='lat' dir='ltr'><strong>etos</strong></span> <span class='ocrx_word' id='word_1_557' title='bbox 1080 4292 1121 4347; x_wconf 88' lang='lat' dir='ltr'><strong>aui</strong></span> <span class='ocrx_word' id='word_1_558' title='bbox 1135 4292 1272 4359; x_wconf 85' lang='lat' dir='ltr'><strong>existeret,</strong></span> <span class='ocrx_word' id='word_1_559' title='bbox 1290 4292 1378 4349; x_wconf 93' lang='lat' dir='ltr'><strong>donec</strong></span> <span class='ocrx_word' id='word_1_560' title='bbox 1400 4291 1632 4364; x_wconf 87' lang='lat' dir='ltr'><strong>importunitatem</strong></span> <span class='ocrx_word' id='word_1_561' title='bbox 1655 4295 1746 4350; x_wconf 90' lang='lat' dir='ltr'><strong>somni</strong></span> <span class='ocrx_word' id='word_1_562' title='bbox 1763 4310 1807 4366; x_wconf 90' lang='lat' dir='ltr'><strong>pa·</strong></span> 
     </span>
     <span class='ocr_line' id='line_1_56' title="bbox 153 4378 1807 4454; baseline 0.002 -18"><span class='ocrx_word' id='word_1_563' title='bbox 153 4380 234 4436; x_wconf 87' lang='lat' dir='ltr'><strong>desse</strong></span> <span class='ocrx_word' id='word_1_564' title='bbox 250 4380 273 4435; x_wconf 91' lang='lat' dir='ltr'><strong>si</strong></span> <span class='ocrx_word' id='word_1_565' title='bbox 285 4379 439 4452; x_wconf 83' lang='lat' dir='ltr'><strong>putrefacta</strong></span> <span class='ocrx_word' id='word_1_566' title='bbox 458 4379 588 4450; x_wconf 85' lang='lat' dir='ltr'><strong>perirent.</strong></span> <span class='ocrx_word' id='word_1_567' title='bbox 615 4378 771 4449; x_wconf 82' lang='lat' dir='ltr'><strong>subjunctis</strong></span> <span class='ocrx_word' id='word_1_568' title='bbox 794 4379 958 4451; x_wconf 88' lang='lat' dir='ltr'><strong>ergobobus</strong></span> <span class='ocrx_word' id='word_1_569' title='bbox 1007 4396 1118 4453; x_wconf 87' lang='lat' dir='ltr'><strong>mmper</strong></span> <span class='ocrx_word' id='word_1_570' title='bbox 1132 4380 1298 4453; x_wconf 88' lang='lat' dir='ltr'><strong>quiescendo</strong></span> <span class='ocrx_word' id='word_1_571' title='bbox 1312 4381 1471 4454; x_wconf 86' lang='lat' dir='ltr'><strong>depelleret.</strong></span> <span class='ocrx_word' id='word_1_572' title='bbox 1487 4385 1523 4437; x_wconf 80' lang='lat' dir='ltr'><strong>At</strong></span> <span class='ocrx_word' id='word_1_573' title='bbox 1541 4381 1597 4448; x_wconf 89' lang='lat' dir='ltr'><strong>ille,</strong></span> <span class='ocrx_word' id='word_1_574' title='bbox 1614 4397 1715 4454; x_wconf 86' lang='lat' dir='ltr'><strong>pacem</strong></span> <span class='ocrx_word' id='word_1_575' title='bbox 1729 4384 1807 4440; x_wconf 90' lang='lat' dir='ltr'><strong>simu·</strong></span> 
     </span>
     <span class='ocr_line' id='line_1_57' title="bbox 154 4440 1804 4542; baseline 0.002 -17"><span class='ocrx_word' id='word_1_576' title='bbox 154 4479 293 4541; x_wconf 87' lang='lat' dir='ltr'><strong>carpento,</strong></span> <span class='ocrx_word' id='word_1_577' title='bbox 319 4470 355 4526; x_wconf 91' lang='lat' dir='ltr'><strong>ad</strong></span> <span class='ocrx_word' id='word_1_578' title='bbox 377 4468 474 4525; x_wconf 88' lang='lat' dir='ltr'><strong>silvam</strong></span> <span class='ocrx_word' id='word_1_579' title='bbox 496 4474 610 4538; x_wconf 88' lang='lat' dir='ltr'><strong>remeat,</strong></span> <span class='ocrx_word' id='word_1_580' title='bbox 634 4476 662 4524; x_wconf 89' lang='lat' dir='ltr'><strong>et</strong></span> <span class='ocrx_word' id='word_1_581' title='bbox 681 4467 796 4540; x_wconf 85' lang='lat' dir='ltr'><strong>praecisa</strong></span> <span class='ocrx_word' id='word_1_582' title='bbox 817 4484 845 4522; x_wconf 90' lang='lat' dir='ltr'><strong>m</strong></span> <span class='ocrx_word' id='word_1_583' title='bbox 867 4440 988 4524; x_wconf 82' lang='lat' dir='ltr'><strong>unumD</strong></span> <span class='ocrx_word' id='word_1_584' title='bbox 1005 4470 1076 4536; x_wconf 92' lang='lat' dir='ltr'><strong>lans,</strong></span> <span class='ocrx_word' id='word_1_585' title='bbox 1093 4468 1173 4525; x_wconf 83' lang='lat' dir='ltr'><strong>tidem</strong></span> <span class='ocrx_word' id='word_1_586' title='bbox 1201 4469 1357 4542; x_wconf 88' lang='lat' dir='ltr'><strong>spopondit.</strong></span> <span class='ocrx_word' id='word_1_587' title='bbox 1380 4470 1474 4541; x_wconf 89' lang='lat' dir='ltr'><strong>ltaque</strong></span> <span class='ocrx_word' id='word_1_588' title='bbox 1497 4469 1638 4526; x_wconf 92' lang='lat' dir='ltr'><strong>modicum</strong></span> <span class='ocrx_word' id='word_1_589' title='bbox 1661 4471 1804 4538; x_wconf 84' lang='lat' dir='ltr'><strong>divertens,</strong></span> 
     </span>
     <span class='ocr_line' id='line_1_58' title="bbox 152 4556 1806 4631; baseline 0.002 -16"><span class='ocrx_word' id='word_1_590' title='bbox 152 4565 313 4630; x_wconf 88' lang='lat' dir='ltr'><strong>comportat.</strong></span> <span class='ocrx_word' id='word_1_591' title='bbox 332 4557 400 4627; x_wconf 71' lang='lat' dir='ltr'><strong>Quae</strong></span> <span class='ocrx_word' id='word_1_592' title='bbox 416 4574 478 4614; x_wconf 89' lang='lat' dir='ltr'><strong>cum</strong></span> <span class='ocrx_word' id='word_1_593' title='bbox 489 4557 620 4613; x_wconf 87' lang='lat' dir='ltr'><strong>vehiculo</strong></span> <span class='ocrx_word' id='word_1_594' title='bbox 636 4556 717 4613; x_wconf 82' lang='lat' dir='ltr'><strong>vellet</strong></span> <span class='ocrx_word' id='word_1_595' title='bbox 741 4556 892 4629; x_wconf 84' lang='lat' dir='ltr'><strong>imponere,</strong></span> <span class='ocrx_word' id='word_1_596' title='bbox 912 4557 959 4613; x_wconf 93' lang='lat' dir='ltr'><strong>do-</strong></span> <span class='ocrx_word' id='word_1_597' title='bbox 1005 4557 1118 4630; x_wconf 91' lang='lat' dir='ltr'><strong>pallium</strong></span> <span class='ocrx_word' id='word_1_598' title='bbox 1132 4558 1212 4630; x_wconf 89' lang='lat' dir='ltr'><strong>capiti</strong></span> <span class='ocrx_word' id='word_1_599' title='bbox 1228 4558 1365 4631; x_wconf 88' lang='lat' dir='ltr'><strong>supponit,</strong></span> <span class='ocrx_word' id='word_1_600' title='bbox 1382 4566 1453 4615; x_wconf 90' lang='lat' dir='ltr'><strong>etse</strong></span> <span class='ocrx_word' id='word_1_601' title='bbox 1467 4566 1659 4630; x_wconf 87' lang='lat' dir='ltr'><strong>prosternens,</strong></span> <span class='ocrx_word' id='word_1_602' title='bbox 1676 4560 1806 4618; x_wconf 88' lang='lat' dir='ltr'><strong>beativiri</strong></span> 
     </span>
     <span class='ocr_line' id='line_1_59' title="bbox 154 4645 1805 4720; baseline 0.003 -19"><span class='ocrx_word' id='word_1_603' title='bbox 154 4646 214 4703; x_wconf 90' lang='lat' dir='ltr'><strong>lore</strong></span> <span class='ocrx_word' id='word_1_604' title='bbox 234 4647 354 4718; x_wconf 89' lang='lat' dir='ltr'><strong>quodam</strong></span> <span class='ocrx_word' id='word_1_605' title='bbox 375 4647 524 4718; x_wconf 78' lang='lat' dir='ltr'><strong>praevalido</strong></span> <span class='ocrx_word' id='word_1_606' title='bbox 548 4662 599 4702; x_wconf 89' lang='lat' dir='ltr'><strong>ceu</strong></span> <span class='ocrx_word' id='word_1_607' title='bbox 620 4645 736 4702; x_wconf 87' lang='lat' dir='ltr'><strong>stimulis</strong></span> <span class='ocrx_word' id='word_1_608' title='bbox 759 4653 914 4717; x_wconf 85' lang='lat' dir='ltr'><strong>urgeretur,</strong></span> <span class='ocrx_word' id='word_1_609' title='bbox 929 4646 958 4701; x_wconf 91' lang='lat' dir='ltr'><strong>in</strong></span> <span class='ocrx_word' id='word_1_610' title='bbox 1006 4645 1137 4720; x_wconf 81' lang='lat' dir='ltr'><strong>suffragia</strong></span> <span class='ocrx_word' id='word_1_611' title='bbox 1150 4647 1193 4702; x_wconf 91' lang='lat' dir='ltr'><strong>his</strong></span> <span class='ocrx_word' id='word_1_612' title='bbox 1207 4647 1300 4704; x_wconf 90' lang='lat' dir='ltr'><strong>verbis</strong></span> <span class='ocrx_word' id='word_1_613' title='bbox 1313 4646 1457 4719; x_wconf 88' lang='lat' dir='ltr'><strong>implorat:</strong></span> <span class='ocrx_word' id='word_1_614' title='bbox 1474 4646 1574 4704; x_wconf 86' lang='lat' dir='ltr'><strong>Sancte</strong></span> <span class='ocrx_word' id='word_1_615' title='bbox 1588 4647 1681 4715; x_wconf 89' lang='lat' dir='ltr'><strong>Galle,</strong></span> <span class='ocrx_word' id='word_1_616' title='bbox 1698 4656 1746 4706; x_wconf 89' lang='lat' dir='ltr'><strong>tua</strong></span> <span class='ocrx_word' id='word_1_617' title='bbox 1765 4664 1805 4706; x_wconf 83' lang='lat' dir='ltr'><strong>ma</strong></span> 
     </span>
     <span class='ocr_line' id='line_1_60' title="bbox 150 4733 1804 4807; baseline 0.001 -17"><span class='ocrx_word' id='word_1_618' title='bbox 150 4735 350 4806; x_wconf 88' lang='lat' dir='ltr'><strong>posterioribus</strong></span> <span class='ocrx_word' id='word_1_619' title='bbox 364 4742 481 4790; x_wconf 88' lang='lat' dir='ltr'><strong>attactus</strong></span> <span class='ocrx_word' id='word_1_620' title='bbox 501 4742 552 4790; x_wconf 91' lang='lat' dir='ltr'><strong>est.</strong></span> <span class='ocrx_word' id='word_1_621' title='bbox 570 4733 631 4802; x_wconf 84' lang='lat' dir='ltr'><strong>Quo</strong></span> <span class='ocrx_word' id='word_1_622' title='bbox 647 4734 777 4790; x_wconf 91' lang='lat' dir='ltr'><strong>cumsine</strong></span> <span class='ocrx_word' id='word_1_623' title='bbox 797 4749 872 4789; x_wconf 90' lang='lat' dir='ltr'><strong>mora</strong></span> <span class='ocrx_word' id='word_1_624' title='bbox 894 4751 956 4790; x_wconf 92' lang='lat' dir='ltr'><strong>ma·</strong></span> <span class='ocrx_word' id='word_1_625' title='bbox 1005 4736 1172 4806; x_wconf 91' lang='lat' dir='ltr'><strong>protectione</strong></span> <span class='ocrx_word' id='word_1_626' title='bbox 1188 4735 1304 4791; x_wconf 88' lang='lat' dir='ltr'><strong>custodi.</strong></span> <span class='ocrx_word' id='word_1_627' title='bbox 1320 4735 1466 4807; x_wconf 81' lang='lat' dir='ltr'><strong>Signaculo</strong></span> <span class='ocrx_word' id='word_1_628' title='bbox 1479 4735 1569 4791; x_wconf 89' lang='lat' dir='ltr'><strong>crucis</strong></span> <span class='ocrx_word' id='word_1_629' title='bbox 1591 4736 1694 4793; x_wconf 87' lang='lat' dir='ltr'><strong>deinde</strong></span> <span class='ocrx_word' id='word_1_630' title='bbox 1718 4737 1804 4793; x_wconf 91' lang='lat' dir='ltr'><strong>muni·</strong></span> 
     </span>
     <span class='ocr_line' id='line_1_61' title="bbox 151 4822 1803 4897; baseline 0.002 -19"><span class='ocrx_word' id='word_1_631' title='bbox 151 4840 216 4879; x_wconf 93' lang='lat' dir='ltr'><strong>num</strong></span> <span class='ocrx_word' id='word_1_632' title='bbox 230 4824 416 4896; x_wconf 82' lang='lat' dir='ltr'><strong>protenderet,</strong></span> <span class='ocrx_word' id='word_1_633' title='bbox 434 4824 557 4897; x_wconf 85' lang='lat' dir='ltr'><strong>gladium</strong></span> <span class='ocrx_word' id='word_1_634' title='bbox 573 4839 655 4895; x_wconf 90' lang='lat' dir='ltr'><strong>quem</strong></span> <span class='ocrx_word' id='word_1_635' title='bbox 670 4838 761 4879; x_wconf 88' lang='lat' dir='ltr'><strong>coram</strong></span> <span class='ocrx_word' id='word_1_636' title='bbox 777 4822 855 4879; x_wconf 91' lang='lat' dir='ltr'><strong>altari</strong></span> <span class='ocrx_word' id='word_1_637' title='bbox 873 4823 956 4879; x_wconf 89' lang='lat' dir='ltr'><strong>dimi·</strong></span> <span class='ocrx_word' id='word_1_638' title='bbox 1005 4832 1048 4879; x_wconf 90' lang='lat' dir='ltr'><strong>tus</strong></span> <span class='ocrx_word' id='word_1_639' title='bbox 1062 4839 1124 4879; x_wconf 91' lang='lat' dir='ltr'><strong>oum</strong></span> <span class='ocrx_word' id='word_1_640' title='bbox 1139 4823 1331 4891; x_wconf 87' lang='lat' dir='ltr'><strong>obdormisset,</strong></span> <span class='ocrx_word' id='word_1_641' title='bbox 1344 4823 1444 4879; x_wconf 86' lang='lat' dir='ltr'><strong>infidus</strong></span> <span class='ocrx_word' id='word_1_642' title='bbox 1458 4830 1552 4879; x_wconf 84' lang='lat' dir='ltr'><strong>custos</strong></span> <span class='ocrx_word' id='word_1_643' title='bbox 1572 4825 1734 4896; x_wconf 84' lang='lat' dir='ltr'><strong>sponsionis</strong></span> <span class='ocrx_word' id='word_1_644' title='bbox 1755 4826 1803 4881; x_wconf 87' lang='lat' dir='ltr'><strong>im·</strong></span> 
     </span>
     <span class='ocr_line' id='line_1_62' title="bbox 153 4911 1801 4986; baseline 0.002 -21"><span class='ocrx_word' id='word_1_645' title='bbox 153 4920 238 4978; x_wconf 85' lang='lat' dir='ltr'><strong>serat,</strong></span> <span class='ocrx_word' id='word_1_646' title='bbox 271 4912 381 4969; x_wconf 83' lang='lat' dir='ltr'><strong>fortuito</strong></span> <span class='ocrx_word' id='word_1_647' title='bbox 414 4912 527 4983; x_wconf 89' lang='lat' dir='ltr'><strong>recepit.</strong></span> <span class='ocrx_word' id='word_1_648' title='bbox 551 4912 650 4983; x_wconf 86' lang='lat' dir='ltr'><strong>Digitis</strong></span> <span class='ocrx_word' id='word_1_649' title='bbox 671 4919 761 4967; x_wconf 90' lang='lat' dir='ltr'><strong>autem</strong></span> <span class='ocrx_word' id='word_1_650' title='bbox 784 4911 955 4968; x_wconf 88' lang='lat' dir='ltr'><strong>manubrium</strong></span> <span class='ocrx_word' id='word_1_651' title='bbox 1003 4927 1118 4979; x_wconf 88' lang='lat' dir='ltr'><strong>mernor,</strong></span> <span class='ocrx_word' id='word_1_652' title='bbox 1134 4912 1248 4983; x_wconf 89' lang='lat' dir='ltr'><strong>sumptis</strong></span> <span class='ocrx_word' id='word_1_653' title='bbox 1262 4912 1346 4967; x_wconf 89' lang='lat' dir='ltr'><strong>armis</strong></span> <span class='ocrx_word' id='word_1_654' title='bbox 1362 4919 1518 4984; x_wconf 88' lang='lat' dir='ltr'><strong>soporatum</strong></span> <span class='ocrx_word' id='word_1_655' title='bbox 1541 4913 1621 4984; x_wconf 90' lang='lat' dir='ltr'><strong>quasi</strong></span> <span class='ocrx_word' id='word_1_656' title='bbox 1645 4921 1801 4986; x_wconf 88' lang='lat' dir='ltr'><strong>peremptu-</strong></span> 
     </span>
     <span class='ocr_line' id='line_1_63' title="bbox 155 5000 1801 5075; baseline 0.004 -22"><span class='ocrx_word' id='word_1_657' title='bbox 155 5000 357 5072; x_wconf 88' lang='lat' dir='ltr'><strong>constringens,</strong></span> <span class='ocrx_word' id='word_1_658' title='bbox 387 5001 547 5058; x_wconf 89' lang='lat' dir='ltr'><strong>detestabile</strong></span> <span class='ocrx_word' id='word_1_659' title='bbox 577 5016 675 5055; x_wconf 89' lang='lat' dir='ltr'><strong>munus</strong></span> <span class='ocrx_word' id='word_1_660' title='bbox 702 5008 757 5055; x_wconf 90' lang='lat' dir='ltr'><strong>tam</strong></span> <span class='ocrx_word' id='word_1_661' title='bbox 771 5001 860 5057; x_wconf 91' lang='lat' dir='ltr'><strong>valide</strong></span> <span class='ocrx_word' id='word_1_662' title='bbox 886 5001 954 5056; x_wconf 90' lang='lat' dir='ltr'><strong>reti·</strong></span> <span class='ocrx_word' id='word_1_663' title='bbox 1003 5017 1048 5056; x_wconf 89' lang='lat' dir='ltr'><strong>rus</strong></span> <span class='ocrx_word' id='word_1_664' title='bbox 1061 5001 1231 5073; x_wconf 84' lang='lat' dir='ltr'><strong>aggreditur,</strong></span> <span class='ocrx_word' id='word_1_665' title='bbox 1246 5001 1281 5056; x_wconf 89' lang='lat' dir='ltr'><strong>de</strong></span> <span class='ocrx_word' id='word_1_666' title='bbox 1295 5000 1366 5058; x_wconf 87' lang='lat' dir='ltr'><strong>collo</strong></span> <span class='ocrx_word' id='word_1_667' title='bbox 1380 5008 1485 5055; x_wconf 89' lang='lat' dir='ltr'><strong>vastem</strong></span> <span class='ocrx_word' id='word_1_668' title='bbox 1501 5001 1648 5071; x_wconf 88' lang='lat' dir='ltr'><strong>subtrabit,</strong></span> <span class='ocrx_word' id='word_1_669' title='bbox 1664 5018 1722 5075; x_wconf 94' lang='lat' dir='ltr'><strong>quo</strong></span> <span class='ocrx_word' id='word_1_670' title='bbox 1738 5001 1801 5058; x_wconf 84' lang='lat' dir='ltr'><strong>faci·</strong></span> 
     </span>
     <span class='ocr_line' id='line_1_64' title="bbox 153 5085 1802 5165; baseline 0.005 -27"><span class='ocrx_word' id='word_1_671' title='bbox 153 5085 220 5151; x_wconf 92' lang='lat' dir='ltr'><strong>nuit,</strong></span> <span class='ocrx_word' id='word_1_672' title='bbox 244 5095 273 5140; x_wconf 91' lang='lat' dir='ltr'><strong>ut</strong></span> <span class='ocrx_word' id='word_1_673' title='bbox 295 5088 469 5144; x_wconf 89' lang='lat' dir='ltr'><strong>articulorum</strong></span> <span class='ocrx_word' id='word_1_674' title='bbox 475 5090 612 5159; x_wconf 75' lang='lat' dir='ltr'><strong>juncturae</strong></span> <span class='ocrx_word' id='word_1_675' title='bbox 633 5087 750 5143; x_wconf 91' lang='lat' dir='ltr'><strong>invicem</strong></span> <span class='ocrx_word' id='word_1_676' title='bbox 770 5086 855 5143; x_wconf 90' lang='lat' dir='ltr'><strong>laxari</strong></span> <span class='ocrx_word' id='word_1_677' title='bbox 876 5095 954 5159; x_wconf 90' lang='lat' dir='ltr'><strong>puta·</strong></span> <span class='ocrx_word' id='word_1_678' title='bbox 1002 5088 1055 5144; x_wconf 92' lang='lat' dir='ltr'><strong>lius</strong></span> <span class='ocrx_word' id='word_1_679' title='bbox 1069 5106 1122 5144; x_wconf 91' lang='lat' dir='ltr'><strong>uno</strong></span> <span class='ocrx_word' id='word_1_680' title='bbox 1137 5088 1191 5145; x_wconf 90' lang='lat' dir='ltr'><strong>iotu</strong></span> <span class='ocrx_word' id='word_1_681' title='bbox 1207 5089 1321 5160; x_wconf 89' lang='lat' dir='ltr'><strong>perimat</strong></span> <span class='ocrx_word' id='word_1_682' title='bbox 1336 5089 1526 5145; x_wconf 88' lang='lat' dir='ltr'><strong>dormientem.</strong></span> <span class='ocrx_word' id='word_1_683' title='bbox 1541 5088 1596 5146; x_wconf 84' lang='lat' dir='ltr'><strong>Sed</strong></span> <span class='ocrx_word' id='word_1_684' title='bbox 1610 5105 1676 5146; x_wconf 88' lang='lat' dir='ltr'><strong>oum</strong></span> <span class='ocrx_word' id='word_1_685' title='bbox 1686 5090 1802 5165; x_wconf 87' lang='lat' dir='ltr'><strong>gladium</strong></span> 
     </span>
     <span class='ocr_line' id='line_1_65' title="bbox 153 5175 1804 5251; baseline 0.004 -23"><span class='ocrx_word' id='word_1_686' title='bbox 153 5182 254 5230; x_wconf 91' lang='lat' dir='ltr'><strong>rentur.</strong></span> <span class='ocrx_word' id='word_1_687' title='bbox 271 5175 338 5228; x_wconf 87' lang='lat' dir='ltr'><strong>Tum</strong></span> <span class='ocrx_word' id='word_1_688' title='bbox 352 5176 436 5232; x_wconf 88' lang='lat' dir='ltr'><strong>miser</strong></span> <span class='ocrx_word' id='word_1_689' title='bbox 465 5178 560 5233; x_wconf 92' lang='lat' dir='ltr'><strong>dolore</strong></span> <span class='ocrx_word' id='word_1_690' title='bbox 571 5175 737 5247; x_wconf 88' lang='lat' dir='ltr'><strong>compulsus,</strong></span> <span class='ocrx_word' id='word_1_691' title='bbox 759 5176 794 5231; x_wconf 92' lang='lat' dir='ltr'><strong>ad</strong></span> <span class='ocrx_word' id='word_1_692' title='bbox 809 5176 953 5233; x_wconf 91' lang='lat' dir='ltr'><strong>ecclesiam</strong></span> <span class='ocrx_word' id='word_1_693' title='bbox 1002 5178 1030 5233; x_wconf 91' lang='lat' dir='ltr'><strong>in</strong></span> <span class='ocrx_word' id='word_1_694' title='bbox 1045 5178 1127 5234; x_wconf 88' lang='lat' dir='ltr'><strong>ictum</strong></span> <span class='ocrx_word' id='word_1_695' title='bbox 1143 5177 1224 5233; x_wconf 90' lang='lat' dir='ltr'><strong>vellet</strong></span> <span class='ocrx_word' id='word_1_696' title='bbox 1237 5178 1385 5249; x_wconf 87' lang='lat' dir='ltr'><strong>deponere,</strong></span> <span class='ocrx_word' id='word_1_697' title='bbox 1403 5178 1517 5233; x_wconf 90' lang='lat' dir='ltr'><strong>artubus</strong></span> <span class='ocrx_word' id='word_1_698' title='bbox 1532 5177 1626 5250; x_wconf 88' lang='lat' dir='ltr'><strong>rigore</strong></span> <span class='ocrx_word' id='word_1_699' title='bbox 1647 5178 1804 5251; x_wconf 72' lang='lat' dir='ltr'><strong>stupefactis</strong></span> 
     </span>
     <span class='ocr_line' id='line_1_66' title="bbox 157 5260 1802 5342; baseline 0.003 -24"><span class='ocrx_word' id='word_1_700' title='bbox 157 5261 284 5331; x_wconf 88' lang='lat' dir='ltr'><strong>recurrit,</strong></span> <span class='ocrx_word' id='word_1_701' title='bbox 300 5260 392 5332; x_wconf 94' lang='lat' dir='ltr'><strong>ibique</strong></span> <span class='ocrx_word' id='word_1_702' title='bbox 406 5273 567 5334; x_wconf 89' lang='lat' dir='ltr'><strong>prostratus,</strong></span> <span class='ocrx_word' id='word_1_703' title='bbox 584 5265 691 5320; x_wconf 90' lang='lat' dir='ltr'><strong>veniam</strong></span> <span class='ocrx_word' id='word_1_704' title='bbox 708 5279 761 5336; x_wconf 91' lang='lat' dir='ltr'><strong>pro</strong></span> <span class='ocrx_word' id='word_1_705' title='bbox 775 5265 953 5321; x_wconf 90' lang='lat' dir='ltr'><strong>commissoet</strong></span> <span class='ocrx_word' id='word_1_706' title='bbox 1003 5266 1103 5323; x_wconf 86' lang='lat' dir='ltr'><strong>inflecti</strong></span> <span class='ocrx_word' id='word_1_707' title='bbox 1118 5266 1227 5322; x_wconf 87' lang='lat' dir='ltr'><strong>brachia</strong></span> <span class='ocrx_word' id='word_1_708' title='bbox 1246 5266 1436 5338; x_wconf 88' lang='lat' dir='ltr'><strong>nequiverunt.</strong></span> <span class='ocrx_word' id='word_1_709' title='bbox 1451 5267 1558 5322; x_wconf 86' lang='lat' dir='ltr'><strong>Interea</strong></span> <span class='ocrx_word' id='word_1_710' title='bbox 1573 5268 1724 5324; x_wconf 88' lang='lat' dir='ltr'><strong>dormienti</strong></span> <span class='ocrx_word' id='word_1_711' title='bbox 1744 5266 1802 5342; x_wconf 92' lang='lat' dir='ltr'><strong>qui·</strong></span> 
     </span>
     <span class='ocr_line' id='line_1_67' title="bbox 153 5350 1801 5428; baseline 0.002 -20"><span class='ocrx_word' id='word_1_712' title='bbox 153 5350 355 5409; x_wconf 90' lang='lat' dir='ltr'><strong>absolutionem</strong></span> <span class='ocrx_word' id='word_1_713' title='bbox 378 5365 475 5406; x_wconf 90' lang='lat' dir='ltr'><strong>manns</strong></span> <span class='ocrx_word' id='word_1_714' title='bbox 494 5354 626 5424; x_wconf 90' lang='lat' dir='ltr'><strong>deposcit.</strong></span> <span class='ocrx_word' id='word_1_715' title='bbox 650 5354 761 5424; x_wconf 91' lang='lat' dir='ltr'><strong>Cunque</strong></span> <span class='ocrx_word' id='word_1_716' title='bbox 776 5353 823 5409; x_wconf 94' lang='lat' dir='ltr'><strong>diu</strong></span> <span class='ocrx_word' id='word_1_717' title='bbox 835 5354 862 5408; x_wconf 93' lang='lat' dir='ltr'><strong>in</strong></span> <span class='ocrx_word' id='word_1_718' title='bbox 886 5370 952 5410; x_wconf 87' lang='lat' dir='ltr'><strong>ora·</strong></span> <span class='ocrx_word' id='word_1_719' title='bbox 1002 5356 1065 5411; x_wconf 90' lang='lat' dir='ltr'><strong>dam</strong></span> <span class='ocrx_word' id='word_1_720' title='bbox 1079 5355 1173 5421; x_wconf 90' lang='lat' dir='ltr'><strong>astitit,</strong></span> <span class='ocrx_word' id='word_1_721' title='bbox 1190 5363 1216 5410; x_wconf 92' lang='lat' dir='ltr'><strong>ot</strong></span> <span class='ocrx_word' id='word_1_722' title='bbox 1243 5356 1271 5409; x_wconf 91' lang='lat' dir='ltr'><strong>iu</strong></span> <span class='ocrx_word' id='word_1_723' title='bbox 1285 5371 1382 5411; x_wconf 93' lang='lat' dir='ltr'><strong>somno</strong></span> <span class='ocrx_word' id='word_1_724' title='bbox 1395 5355 1463 5410; x_wconf 83' lang='lat' dir='ltr'><strong>dixit</strong></span> <span class='ocrx_word' id='word_1_725' title='bbox 1480 5373 1486 5409; x_wconf 96' lang='lat'><strong>:</strong></span> <span class='ocrx_word' id='word_1_726' title='bbox 1503 5354 1576 5424; x_wconf 79' lang='lat' dir='ltr'><strong>Quid</strong></span> <span class='ocrx_word' id='word_1_727' title='bbox 1592 5372 1692 5412; x_wconf 91' lang='lat' dir='ltr'><strong>somno</strong></span> <span class='ocrx_word' id='word_1_728' title='bbox 1712 5355 1801 5428; x_wconf 91' lang='lat' dir='ltr'><strong>depri-</strong></span> 
     </span>
     <span class='ocr_line' id='line_1_68' title="bbox 155 5439 1802 5515; baseline 0.001 -19"><span class='ocrx_word' id='word_1_729' title='bbox 155 5442 228 5497; x_wconf 89' lang='lat' dir='ltr'><strong>tionc</strong></span> <span class='ocrx_word' id='word_1_730' title='bbox 251 5439 421 5513; x_wconf 90' lang='lat' dir='ltr'><strong>persisteret,</strong></span> <span class='ocrx_word' id='word_1_731' title='bbox 446 5448 472 5494; x_wconf 91' lang='lat' dir='ltr'><strong>et</strong></span> <span class='ocrx_word' id='word_1_732' title='bbox 494 5441 614 5512; x_wconf 84' lang='lat' dir='ltr'><strong>gladium</strong></span> <span class='ocrx_word' id='word_1_733' title='bbox 628 5458 801 5514; x_wconf 92' lang='lat' dir='ltr'><strong>nequaquam</strong></span> <span class='ocrx_word' id='word_1_734' title='bbox 815 5442 951 5499; x_wconf 90' lang='lat' dir='ltr'><strong>dimittere</strong></span> <span class='ocrx_word' id='word_1_735' title='bbox 1001 5445 1094 5513; x_wconf 91' lang='lat' dir='ltr'><strong>meris,</strong></span> <span class='ocrx_word' id='word_1_736' title='bbox 1111 5461 1192 5515; x_wconf 89' lang='lat' dir='ltr'><strong>quem</strong></span> <span class='ocrx_word' id='word_1_737' title='bbox 1206 5444 1241 5499; x_wconf 92' lang='lat' dir='ltr'><strong>ab</strong></span> <span class='ocrx_word' id='word_1_738' title='bbox 1255 5443 1406 5498; x_wconf 84' lang='lat' dir='ltr'><strong>imminenti</strong></span> <span class='ocrx_word' id='word_1_739' title='bbox 1425 5442 1613 5499; x_wconf 84' lang='lat' dir='ltr'><strong>interlectione</strong></span> <span class='ocrx_word' id='word_1_740' title='bbox 1628 5444 1724 5509; x_wconf 86' lang='lat' dir='ltr'><strong>modo,</strong></span> <span class='ocrx_word' id='word_1_741' title='bbox 1739 5451 1802 5500; x_wconf 86' lang='lat' dir='ltr'><strong>tuta·</strong></span> 
     </span>
     <span class='ocr_line' id='line_1_69' title="bbox 156 5529 1805 5605; baseline 0.001 -20"><span class='ocrx_word' id='word_1_742' title='bbox 156 5530 300 5602; x_wconf 88' lang='lat' dir='ltr'><strong>potuisset,</strong></span> <span class='ocrx_word' id='word_1_743' title='bbox 314 5529 471 5599; x_wconf 82' lang='lat' dir='ltr'><strong>juramento</strong></span> <span class='ocrx_word' id='word_1_744' title='bbox 483 5529 593 5583; x_wconf 89' lang='lat' dir='ltr'><strong>tandem</strong></span> <span class='ocrx_word' id='word_1_745' title='bbox 614 5546 645 5586; x_wconf 89' lang='lat' dir='ltr'><strong>ac</strong></span> <span class='ocrx_word' id='word_1_746' title='bbox 660 5538 723 5586; x_wconf 91' lang='lat' dir='ltr'><strong>voto</strong></span> <span class='ocrx_word' id='word_1_747' title='bbox 738 5531 862 5602; x_wconf 85' lang='lat' dir='ltr'><strong>promisit</strong></span> <span class='ocrx_word' id='word_1_748' title='bbox 883 5549 952 5588; x_wconf 90' lang='lat' dir='ltr'><strong>nun·</strong></span> <span class='ocrx_word' id='word_1_749' title='bbox 1001 5548 1044 5593; x_wconf 81' lang='lat' dir='ltr'><strong>rus</strong></span> <span class='ocrx_word' id='word_1_750' title='bbox 1058 5532 1140 5587; x_wconf 74' lang='lat' dir='ltr'><strong>sum?</strong></span> <span class='ocrx_word' id='word_1_751' title='bbox 1155 5535 1189 5587; x_wconf 79' lang='lat' dir='ltr'><strong>At</strong></span> <span class='ocrx_word' id='word_1_752' title='bbox 1202 5532 1247 5588; x_wconf 91' lang='lat' dir='ltr'><strong>ille</strong></span> <span class='ocrx_word' id='word_1_753' title='bbox 1257 5531 1398 5605; x_wconf 87' lang='lat' dir='ltr'><strong>evigilans,</strong></span> <span class='ocrx_word' id='word_1_754' title='bbox 1409 5538 1436 5587; x_wconf 90' lang='lat' dir='ltr'><strong>et</strong></span> <span class='ocrx_word' id='word_1_755' title='bbox 1455 5530 1564 5588; x_wconf 86' lang='lat' dir='ltr'><strong>fidelem</strong></span> <span class='ocrx_word' id='word_1_756' title='bbox 1582 5532 1694 5589; x_wconf 88' lang='lat' dir='ltr'><strong>socium</strong></span> <span class='ocrx_word' id='word_1_757' title='bbox 1709 5533 1805 5588; x_wconf 89' lang='lat' dir='ltr'><strong>nudato</strong></span> 
     </span>
     <span class='ocr_line' id='line_1_70' title="bbox 154 5616 1806 5697; baseline 0.002 -22"><span class='ocrx_word' id='word_1_758' title='bbox 154 5634 235 5697; x_wconf 88' lang='lat' dir='ltr'><strong>quam</strong></span> <span class='ocrx_word' id='word_1_759' title='bbox 250 5618 382 5695; x_wconf 89' lang='lat' dir='ltr'><strong>deinceps</strong></span> <span class='ocrx_word' id='word_1_760' title='bbox 396 5632 428 5675; x_wconf 88' lang='lat' dir='ltr'><strong>se</strong></span> <span class='ocrx_word' id='word_1_761' title='bbox 442 5617 573 5673; x_wconf 89' lang='lat' dir='ltr'><strong>damnum</strong></span> <span class='ocrx_word' id='word_1_762' title='bbox 587 5616 660 5673; x_wconf 90' lang='lat' dir='ltr'><strong>beati</strong></span> <span class='ocrx_word' id='word_1_763' title='bbox 675 5617 747 5677; x_wconf 86' lang='lat' dir='ltr'><strong>Gelli</strong></span> <span class='ocrx_word' id='word_1_764' title='bbox 762 5620 843 5676; x_wconf 89' lang='lat' dir='ltr'><strong>rebus</strong></span> <span class='ocrx_word' id='word_1_765' title='bbox 862 5620 951 5677; x_wconf 88' lang='lat' dir='ltr'><strong>illatu-</strong></span> <span class='ocrx_word' id='word_1_766' title='bbox 1000 5621 1094 5697; x_wconf 91' lang='lat' dir='ltr'><strong>gladio</strong></span> <span class='ocrx_word' id='word_1_767' title='bbox 1115 5637 1230 5681; x_wconf 85' lang='lat' dir='ltr'><strong>carneas</strong></span> <span class='ocrx_word' id='word_1_768' title='bbox 1242 5619 1325 5695; x_wconf 86' lang='lat' dir='ltr'><strong>capiti</strong></span> <span class='ocrx_word' id='word_1_769' title='bbox 1338 5620 1481 5677; x_wconf 86' lang='lat' dir='ltr'><strong>imminere</strong></span> <span class='ocrx_word' id='word_1_770' title='bbox 1503 5620 1604 5688; x_wconf 83' lang='lat' dir='ltr'><strong>exsilit,</strong></span> <span class='ocrx_word' id='word_1_771' title='bbox 1630 5630 1658 5677; x_wconf 91' lang='lat' dir='ltr'><strong>et</strong></span> <span class='ocrx_word' id='word_1_772' title='bbox 1679 5635 1806 5696; x_wconf 85' lang='lat' dir='ltr'><strong>compre·</strong></span> 
     </span>
    </p>
   </div>
   <div class='ocr_carea' id='block_1_12' title="bbox 151 2676 568 2752">
    <p class='ocr_par' dir='ltr' id='par_1_14' title="bbox 151 2676 568 2752">
     <span class='ocr_line' id='line_1_71' title="bbox 151 2676 568 2752; baseline 0.007 -19"><span class='ocrx_word' id='word_1_773' title='bbox 151 2725 154 2733; x_wconf 95' lang='lat'><strong>.</strong></span> <span class='ocrx_word' id='word_1_774' title='bbox 168 2690 232 2734; x_wconf 90' lang='lat' dir='ltr'><strong>cum</strong></span> <span class='ocrx_word' id='word_1_775' title='bbox 250 2677 307 2734; x_wconf 89' lang='lat' dir='ltr'><strong>suis</strong></span> <span class='ocrx_word' id='word_1_776' title='bbox 321 2677 357 2734; x_wconf 93' lang='lat' dir='ltr'><strong>ad</strong></span> <span class='ocrx_word' id='word_1_777' title='bbox 372 2693 423 2735; x_wconf 88' lang='lat' dir='ltr'><strong>sua</strong></span> <span class='ocrx_word' id='word_1_778' title='bbox 436 2676 568 2752; x_wconf 89' lang='lat' dir='ltr'><strong>permisit.</strong></span> 
     </span>
    </p>
   </div>
   <div class='ocr_carea' id='block_1_13' title="bbox 486 2852 691 2908">
    <p class='ocr_par' dir='ltr' id='par_1_15' title="bbox 486 2852 691 2908">
     <span class='ocr_line' id='line_1_72' title="bbox 486 2852 691 2908; baseline -0.005 0"><span class='ocrx_word' id='word_1_779' title='bbox 486 2852 601 2908; x_wconf 78' lang='lat' dir='ltr'>CAPUT</span> <span class='ocrx_word' id='word_1_780' title='bbox 615 2852 691 2907; x_wconf 78' lang='lat' dir='ltr'><strong>xxi.</strong></span> 
     </span>
    </p>
   </div>
   <div class='ocr_carea' id='block_1_14' title="bbox 218 2956 915 3104">
    <p class='ocr_par' dir='ltr' id='par_1_16' title="bbox 218 2956 915 3104">
     <span class='ocr_line' id='line_1_73' title="bbox 218 2956 915 3032; baseline -0.006 -16"><span class='ocrx_word' id='word_1_781' title='bbox 218 2957 355 3028; x_wconf 81' lang='lat' dir='ltr'><strong>Quomodo</strong></span> <span class='ocrx_word' id='word_1_782' title='bbox 370 2959 420 3016; x_wconf 82' lang='lat' dir='ltr'><strong>ille</strong></span> <span class='ocrx_word' id='word_1_783' title='bbox 435 2960 484 3032; x_wconf 84' lang='lat' dir='ltr'><strong>qui</strong></span> <span class='ocrx_word' id='word_1_784' title='bbox 498 2960 600 3015; x_wconf 67' lang='lat' dir='ltr'><strong>divo-m</strong></span> <span class='ocrx_word' id='word_1_785' title='bbox 612 2958 723 3031; x_wconf 78' lang='lat' dir='ltr'><strong>publice</strong></span> <span class='ocrx_word' id='word_1_786' title='bbox 745 2956 915 3013; x_wconf 81' lang='lat' dir='ltr'><strong>incenderat</strong></span> 
     </span>
     <span class='ocr_line' id='line_1_74' title="bbox 488 3031 698 3104; baseline -0.014 -18"><span class='ocrx_word' id='word_1_787' title='bbox 488 3034 633 3104; x_wconf 76' lang='lat' dir='ltr'><strong>correptos</strong></span> <span class='ocrx_word' id='word_1_788' title='bbox 649 3031 698 3085; x_wconf 82' lang='lat' dir='ltr'><strong>rit.</strong></span> 
     </span>
    </p>
   </div>
   <div class='ocr_carea' id='block_1_15' title="bbox 0 0 1890 6112">
    <p class='ocr_par' dir='ltr' id='par_1_17' title="bbox 0 0 1890 6112">
     <span class='ocr_line' id='line_1_75' title="bbox 0 0 1890 6112; baseline 0 6"><span class='ocrx_word' id='word_1_789' title='bbox 0 0 1890 6112; x_wconf 95' lang='lat' dir='ltr'><strong> </strong></span> 
     </span>
    </p>
   </div>
  </div>
 </body>
</html>
