3772 6112
116 250 172 306 *tet
683 239 813 300 EXPOS.
830 240 867 299 IN
885 239 939 299 XX
953 237 1083 299 ratitos
1094 237 1264 298 Psntnos.
1720 244 1775 299 tte

112 379 193 446 geret
205 370 234 427 in
259 368 420 428 effusionem
448 366 615 432 temeritatis,
636 365 758 423 additum
781 373 832 434 est,
855 382 922 424 eum
936 364 1053 428 Asimul
1067 364 1201 432 Ecclesia,
1214 370 1239 420 et
1249 370 1329 436 caput
1343 364 1402 433 ejus
1415 363 1485 419 iuter
1498 363 1633 436 procellas
1642 379 1771 435 persecu·

114 465 247 525 tremore,
264 464 292 514 ut
307 458 341 513 ad
355 455 507 513 cautionem
521 456 742 527 circumspectam
757 456 871 512 valeret.
977 453 1080 511 tionum
1103 453 1247 510 constituta
1260 469 1311 524 per
1326 453 1482 509 universum
1505 452 1600 510 orbem
1622 459 1774 511 terrarum:

152 550 239 605 Vens.
249 544 749 619 ta-dpprmmdttedeceptivum,
760 552 812 600 etc.
826 541 927 599 lntelli·
976 542 1103 612 Domine,
1113 542 1179 616 qvid
1193 542 1380 614 multiplicati
1387 543 1466 608 svnt,
1476 548 1540 611 eta,
1549 539 1667 598 exaltato
1681 540 1773 614 capita

116 653 195 711 gare,
207 633 352 701 etemdiri,
364 631 882 706 hocestapprelreoderedisciplinam.
894 630 925 686 lu
976 645 1036 699 suo,
1046 629 1092 703 qui
1106 629 1309 704 promogenitus
1325 645 1341 685 a
1357 629 1470 686 mortuis
1484 629 1607 687 ascendit
1620 628 1648 686 in
1663 629 1773 688 coelum.

114 742 150 784 eo
164 732 263 790 autem,
280 723 353 797 quod
368 721 472 786 dicitur,
485 722 695 795 apprehendite,
713 719 778 775 satis
790 717 927 792 signitica-
1011 719 1097 775 Vnus.
1118 722 1145 775 tt.
1161 748 1196 760 -
1213 719 1560 784 VocemeaodDomioom,
1570 725 1622 774 etc.
1638 718 1700 775 Non
1712 733 1773 775 cor-

116 823 161 872 tnr
184 812 342 886 praesidium
367 809 504 883 quoddam
526 817 606 882 atque
638 809 834 865 munimentum
862 823 925 866 esse
974 807 1051 878 poris
1064 822 1142 874 roce,
1157 823 1219 880 quae
1233 821 1294 863 oum
1310 807 1424 878 strepitu
1436 806 1570 863 verberati
1582 805 1653 863 aeris
1664 806 1771 879 promi·

115 904 250 961 adversus
264 900 357 957 omnia
371 915 432 972 quae
445 899 544 955 obesse
563 905 686 969 possent,
703 896 755 952 nisi
771 904 844 952 tanta
860 911 924 955 cura
975 903 1026 963 tur,
1051 896 1100 951 sed
1122 911 1190 952 voce
1226 896 1327 967 cordis,
1354 911 1414 969 qua
1438 895 1593 951 hominibus
1614 894 1685 965 silet,
1711 895 1771 953 Deo

117 990 379 1065 apprehenderetur.
401 987 499 1044 Perire
521 1002 585 1043 vero
606 986 640 1043 de
660 986 705 1042 viu
720 987 802 1059 jueta
825 999 924 1057 magna
974 992 1063 1040 autem
1079 984 1148 1041 sicut
1170 984 1271 1042 clamor
1290 990 1379 1056 sonat,
1409 1000 1472 1042 cum
1496 983 1672 1051 seinamma,
1702 981 1770 1040 nihil

117 1096 200 1153 poena
215 1087 267 1145 est,
284 1094 345 1150 quae
360 1078 394 1131 ab
409 1075 451 1131 his
466 1074 622 1130 formidatur
644 1073 690 1147 qui
704 1073 805 1147 aliquid
828 1073 923 1131 dulce·
974 1073 1066 1129 carnis
1085 1073 1207 1146 nihilque
1228 1072 1375 1129 camaliam
1399 1072 1576 1129 intentionum
1600 1073 1628 1128 in
1647 1071 1771 1130 oratione

118 1169 192 1225 dinis
202 1166 315 1239 justitiae
329 1173 522 1237 perceperunt.
973 1161 1121 1229 attrahens,
1131 1160 1248 1233 loquitur
1261 1161 1388 1231 Domino,
1413 1162 1459 1216 ubi
1474 1162 1549 1217 solus
1562 1161 1646 1217 audit.
1663 1161 1772 1218 Clamor

157 1270 608 1333 Vans.13.-Cameaarrerttio
619 1269 702 1336 trevi,
715 1268 923 1326 etcldestcum
973 1257 1064 1350 {mim
1080 1249 1162 1307 etit-¹¹¹
1177 1250 1228 1306 i⁸te
1251 1249 1350 1306 ffl⁰i1¹¹f
1371 1257 1481 1322 ΡΓΟΡῑθΓ
1495 1249 1550 1307 Vim
1563 1250 1650 1322 ipsiut
1677 1249 1770 1308 intefl-

118 1364 238 1422 vindicta
252 1360 366 1429 venerit,
383 1376 444 1434 quae
469 1358 560 1433 impiis
574 1368 601 1415 et
614 1357 800 1431 peccatoribus
815 1374 923 1431 prapa·
972 1344 1065 1395 ¹¹0m8·
1468 1425 1473 1438 ¹
1556 1425 1587 1438 ..
1627 1426 1633 1438 ·

119 1461 205 1521 ratur,
221 1467 277 1509 non
292 1451 380 1508 solum
394 1466 442 1507 eos
457 1465 512 1506 non
527 1448 640 1521 attinget
664 1447 710 1522 qui
731 1447 879 1519 confidunt
890 1448 923 1506 r„
1007 1429 1150 1528 Demente
1168 1442 1234 1483 vero
1249 1426 1357 1526 Patrem
1378 1427 1522 1526 exaudisse
1535 1427 1610 1495 dreit,
1626 1427 1655 1482 rd
1668 1434 1719 1499 est,
1733 1428 1770 1528 de

121 1543 250 1608 Domino,
279 1540 329 1596 sed
344 1538 474 1597 etiamad
492 1537 687 1595 beatitudinem
710 1536 765 1593 illis
787 1535 920 1610 proficiet,
969 1523 1072 1586 rustum
1086 1531 1146 1572 sua.
1160 1516 1266 1572 lustum
1290 1532 1363 1572 enrm
1378 1523 1436 1572 erat
1459 1523 1489 1572 ut
1504 1523 1675 1573 innocentem
1694 1531 1770 1574 cccr-

119 1630 168 1688 uhi
181 1638 223 1688 est
242 1630 376 1686 bonorum
394 1627 514 1684 omnium
535 1643 639 1682 summa
650 1634 677 1683 ω
692 1626 825 1683 cumulus,
842 1624 922 1696 Quod
972 1621 1041 1672 sum,
1058 1613 1084 1661 et
1098 1604 1144 1677 qui
1158 1604 1292 1661 retributa
1307 1612 1367 1659 sunt
1381 1604 1454 1660 malo
1477 1620 1529 1677 pro
1550 1605 1640 1673 bonis,
1651 1603 1771 1661 resusci-

121 1726 213 1776 autem
238 1717 355 1791 positum
376 1723 418 1773 est
433 1734 439 1772 :
456 1717 488 1773 io
498 1715 582 1782 brevi,
602 1717 655 1772 hoc
678 1712 830 1788 significare
844 1715 920 1772 arbi·
933 1701 1042 1788 Btfflt
1055 1694 1205 1764 ³ffl0rt⁰i⁸2
1221 1693 1578 1767 ttdigssapeisequesstihffl
1588 1694 1768 1751 remitteret:

121 1817 190 1876 pro„
209 1807 270 1881 qui,
286 1806 456 1879 repentinum
471 1804 574 1877 ,liquid
584 1803 644 1872 erp,
656 1805 781 1863 cumhoc
791 1813 921 1863 ,emotum
971 1782 1099 1857 Legimus
1108 1781 1181 1839 enim
1192 1799 1200 1837 :
1211 1783 1328 1838 lustitia
1336 1786 1386 1839 tvo
1394 1784 1469 1839 sicvt
1481 1786 1589 1840 montes
1598 1785 1662 1839 Dei.
1677 1781 1766 1839 Sedet

118 1904 145 1954 e,
158 1896 242 1970 longe
255 1893 374 1953 futurum
388 1902 547 1967 peccatores
562 1891 727 1950 existimem,
970 1870 1097 1928 Ecclesia
1110 1871 1253 1927 exauditur
1262 1871 1296 1926 de
1310 1871 1369 1942 ipso
1384 1876 1486 1970 mepte,
1503 1871 1576 1942 quod
1592 1871 1673 1927 etiam
1688 1878 1770 1942 eaput

971 1961 1030 2031 ejus
1045 1967 1096 2030 est,
1112 1959 1146 2016 de
1160 1975 1214 2032 quo
1232 1959 1368 2031 Propheta
1389 1959 1454 2016 drcrt
1471 1975 1477 2015 :
1493 1960 1557 2016 Eril
1574 1976 1655 2017 mooe
1672 1959 1770 2016 domae

374 2063 412 2120 IN
430 2062 594 2121 PSALMUM
611 2063 659 2121 111,
971 2048 1086 2106 Domini
1096 2051 1275 2123 praeparator
1287 2049 1318 2104 io
1334 2048 1601 2106 verticcmvntivm.

1007 2155 1092 2212 Vens.
1109 2158 1135 2211 o.
1151 2185 1186 2197 -
1200 2156 1254 2229 Epo
1268 2156 1397 2223 dormivi,
1407 2161 1460 2212 etc.
1476 2154 1539 2210 Non
1547 2154 1771 2213 inconvenienter

156 2221 245 2279 vm·
261 2222 287 2276 ¹·
303 2250 338 2261 “
353 2218 484 2276 ΡΜῙΜ
500 2218 598 2286 ”wide
615 2234 681 2276 mm
695 2220 806 2291 tutem
820 2218 922 2288 “sam
970 2242 1149 2300 animadverti
1165 2251 1255 2315 potest
1268 2260 1327 2316 epo,
1352 2243 1387 2299 ad
1402 2241 1609 2318 significandum
1625 2245 1698 2317 quod
1718 2258 1771 2302 sua

117 2312 174 2383 filit
184 2309 377 2369 tummim·
971 2331 1109 2388 voluntate
1119 2340 1236 2387 mortem
1242 2331 1366 2387 sustinuit
1377 2331 1528 2388 secundum
1541 2331 1618 2387 illud.
1635 2335 1772 2407 Propter·

156 2418 255 2487 Doridi,
267 2413 769 2491 quiinterpretaturmovvsoriiesire
783 2413 922 2471 deridere·
970 2437 1004 2478 eu
1022 2435 1067 2476 me
1086 2423 1172 2476 Pater
1188 2418 1292 2492 dilipd,
1314 2422 1448 2493 pacatum
1469 2436 1517 2491 epo
1536 2437 1611 2492 porro
1638 2421 1769 2478 animum

121 2508 198 2576 etto,
213 2505 348 2580 significat
359 2504 506 2561 Dominum
519 2512 640 2561 nostrum
660 2504 754 2560 Jesum
773 2503 920 2571 Christum,
969 2524 1073 2578 mam,
1091 2509 1238 2564 etiterum
1253 2525 1365 2565 sumam
1380 2524 1443 2564 eam
1461 2521 1471 2559 .·
1486 2522 1569 2564 memo
1585 2509 1666 2565 tollet
1681 2525 1771 2566 eamd

118 2598 200 2668 ornus
215 2611 267 2653 vox
292 2595 321 2652 in
342 2595 394 2651 hoc
414 2594 520 2666 psalmo
542 2592 720 2650 introducitur
740 2591 875 2665 loquentis
886 2591 921 2649 de
969 2598 1086 2671 meipso.
1096 2596 1168 2652 Bene
1182 2603 1273 2652 autem
1287 2595 1436 2667 accipitur:
1451 2597 1505 2669 Epo
1520 2595 1640 2654 dormivi
1654 2600 1683 2654 et
1696 2613 1771 2672 copo·

117 2687 247 2761 passione
261 2693 288 2742 ει
301 2683 499 2741 resurrectione
515 2699 574 2738 sua.
590 2682 719 2740 dioclem
734 2688 824 2737 autem
839 2680 923 2755 signi·
970 2689 1143 2742 rutensem:
1157 2699 1211 2758 ego
1225 2701 1268 2741 me
1277 2685 1397 2757 passioni
1409 2683 1532 2756 permisi,
1549 2691 1576 2741 ct
1585 2700 1660 2741 mors
1672 2700 1770 2743 couse-

120 2773 184 2832 ticat
197 2774 293 2829 tudam
308 2772 486 2844 proditorem,
498 2770 920 2843 sivepopulumpersecutorem.
970 2782 1033 2830 cuta
1058 2780 1110 2830 est.
1133 2773 1265 2830 Ecclesiae
1286 2789 1395 2847 qnoque
1416 2773 1517 2845 populo
1538 2772 1659 2830 dicitur:
1683 2775 1770 2850 Saepe

117 2864 191 2921 Nam
207 2871 233 2920 et
247 2861 330 2920 ludas
354 2861 443 2918 adhuc
464 2858 535 2916 inter
556 2859 695 2931 apostolos
719 2867 786 2927 erat,
813 2857 921 2931 quando
970 2864 1018 2937 qvi
1032 2861 1149 2930 dormit,
1166 2867 1193 2920 et
1215 2879 1334 2936 casorpe
1350 2879 1368 2919 o
1383 2864 1514 2933 mortuis,
1531 2866 1561 2920 et
1580 2865 1725 2938 cooimpet
1741 2869 1769 2923 te

114 2952 249 3010 Dominus
264 2951 331 3008 dixit
348 2969 354 3006 :
373 2952 433 3009 Non
454 2952 575 3023 possunt
595 2948 652 3019 filii
668 2947 766 3021 eportet
773 2949 919 3021 jejunare,
972 2950 1110 3020 Christus,
1137 2951 1265 3024 quoniam
1279 2951 1313 3008 de
1329 2951 1521 3023 peccatoribus
1545 2960 1700 3024 assumptus
1714 2961 1766 3009 est.

119 3036 920 3117 quamdiucvmittirevtepomov.litdepopuloperlloy·
934 3087 959 3153 C
971 3040 1031 3097 Non
1048 3038 1148 3098 timebo
1163 3040 1267 3109 millia,
1286 3047 1338 3097 etc.
1355 3039 1417 3096 Non
1437 3038 1591 3108 dormienti,
1602 3039 1768 3111 conjacenti

117 3146 167 3187 aen
181 3129 266 3187 dicit:
281 3129 372 3186 Filius
384 3129 591 3201 primopemitur
606 3127 685 3183 inter
699 3125 796 3182 lervel.
812 3125 920 3181 Veritas
969 3130 1028 3185 Deo
1038 3127 1146 3197 dicitur,
1163 3143 1284 3202 excerpe
1301 3128 1369 3185 :sed
1383 3127 1468 3184 moris
1483 3127 1635 3184 divinarum
1650 3129 1769 3203 Scriptu-

115 3233 186 3294 ersso
211 3217 279 3292 fugit
303 3223 424 3274 mentem
442 3216 528 3282 tudae,
551 3215 594 3273 vel
614 3212 796 3287 persecutoris
813 3212 918 3285 populi,
969 3232 1060 3273 rarum
1075 3225 1116 3274 est
1125 3232 1250 3289 personae
1266 3217 1318 3274 Dei
1331 3217 1460 3285 tribuere,
1477 3216 1586 3289 quodid
1600 3218 1680 3274 nobis
1695 3217 1768 3291 lacit,

115 3321 181 3364 cum
194 3321 242 3364 eos
257 3305 459 3378 illustrarenon
469 3303 581 3362 destitit.
597 3303 646 3360 Vel
661 3302 731 3359 sicut
740 3301 919 3375 Evangelium
968 3321 1025 3362 nou
1034 3305 1145 3377 quidem
1158 3305 1269 3378 ubique,
1283 3307 1332 3362 sed
1342 3306 1389 3362 ubi
1399 3313 1586 3379 congruenter
1599 3305 1768 3381 dicipotest:

118 3404 216 3453 narrat
227 3412 235 3450 z
246 3395 309 3452 llvev
325 3393 435 3452 locatae
451 3397 494 3450 eat
509 3391 726 3460 desaevierit,
736 3390 920 3448 etoiecvvdit
969 3394 1012 3452 vel
1028 3402 1057 3451 ut
1070 3395 1130 3467 ipse
1139 3393 1214 3468 loqui
1224 3395 1338 3465 dicatur,
1350 3395 1461 3467 quando
1471 3394 1529 3465 ejus
1539 3395 1612 3453 dono
1624 3397 1770 3471 loquuntur

118 3501 149 3544 re
164 3485 198 3542 oi
211 3485 262 3543 eta.
279 3482 359 3552 Quod
374 3490 466 3538 autem
476 3480 605 3537 dbsdom
615 3480 711 3537 Patria
718 3496 779 3553 pax
789 3478 920 3552 iuterpre·
968 3484 1070 3558 quique
1084 3483 1169 3539 nuntii
1185 3483 1319 3540 veritatis.

117 3580 202 3640 tatur,
218 3571 290 3629 benc
311 3570 471 3644 intelligitur
490 3585 585 3641 pacem
607 3566 743 3626 Christum
764 3566 920 3626 exhibuisse
1004 3585 1088 3640 Vns,
1100 3585 1128 3640 7,
1143 3614 1179 3626 -
1195 3584 1333 3653 Quoniam
1349 3587 1382 3642 tu
1396 3587 1564 3659 permittit
1583 3604 1690 3656 omnes,
1706 3595 1763 3647 etc,

116 3661 241 3718 traditori
256 3675 317 3727 ⁵1¹0,
335 3658 459 3732 <11¹thss
475 3657 521 3716 5¹¹0
531 3665 584 3713 tam
595 3657 737 3714 ⁵⁰0¹&ssae
747 3655 919 3730 ⁰⁰ssit³fi⁰⁰i⁸
968 3671 1090 3730 contrita
1106 3680 1178 3741 sunt,
1195 3672 1223 3728 id
1237 3672 1319 3731 estin
1335 3672 1440 3730 irritum
1449 3674 1590 3747 perducta,
1606 3675 1768 3748 rerbapcc·

118 3750 226 3821 intiffl0
240 3748 313 3806 ΜΗΘ
326 3754 481 3804 νθῦῑᾶῖθῑῦΐ
497 3765 504 3802 ³
520 3755 547 3804 θῑ
561 3746 662 3818 D0D¹¹l⁰
681 3744 849 3818 Detsessuttlfi
864 3753 919 3803 ΜΠ]
970 3768 1100 3832 catorum,
1119 3759 1313 3818 dilacerantum
1328 3769 1354 3818 ει
1363 3762 1583 3820 maledicentium
1597 3763 1692 3821 Filium
1705 3765 1766 3821 Dei.

115 3838 238 3912 placatus
253 3836 362 3904 exstitit,
380 3844 408 3893 ut
418 3852 467 3910 pro
479 3835 533 3892 illis
547 3837 655 3891 Patrem
670 3843 797 3892 exoraret
807 3833 917 3892 dicens:
968 3850 1085 3908 Possum
1095 3857 1121 3908 01
1135 3852 1233 3908 dmi„
1246 3854 1429 3926 peccatorum
1442 3851 1531 3924 accipi
1546 3852 1685 3925 principes
1698 3867 1767 3925 ppo.

118 3930 215 3995 Puter,
231 3929 343 4000 macrae
357 3926 428 3993 illie,
443 3939 502 3982 mov
517 3926 594 3981 enim
605 3924 701 3981 eciam
714 3923 781 3998 quid
792 3926 916 3998 sociant.
967 3948 1100 4010 paporum,
1121 3955 1234 4013 quorum
1256 3939 1414 3998 enormitate
1439 3941 1554 4014 quisque
1577 3941 1612 4000 de
1637 3941 1768 4000 societate

153 4017 239 4072 Vm·
255 4019 283 4073 ²·
294 4044 329 4056 ··
340 4016 468 4080 mmm&
485 4013 552 4087 inid
566 4013 755 4086 muttidtt'ssttt
770 4017 848 4082 imit»
864 4021 917 4071 etc·
967 4038 1040 4087 recte
1053 4029 1202 4087 virentium
1213 4029 1271 4100 jnm
1284 4030 1449 4101 praeciditur,
1466 4039 1493 4088 ct
1509 4030 1587 4105 quasi
1608 4030 1767 4105 incorpora·

117 4103 184 4160 Tam
197 4103 302 4161 scilicet
316 4101 504 4176 multiplicati
518 4106 596 4172 suot,
611 4109 640 4159 ut
652 4100 733 4158 etiam
747 4103 783 4161 de
802 4117 918 4160 numero
967 4118 1031 4175 pm,
1046 4119 1116 4175 male
1129 4118 1293 4176 viventibus,

118 4192 315 4267 discipulorum
335 4206 390 4248 non
413 4189 540 4259 defuerit,
566 4190 612 4264 qui
635 4206 748 4249 numero
769 4190 918 4250 accesserit
1003 4226 1089 4282 Vm
1106 4229 1132 4282 8·

114 4281 347 4355 persequentium.

153 4369 237 4427 Vens.
262 4373 288 4425 3.
305 4399 339 4410 —
354 4368 438 4426 livtti
465 4368 575 4436 dicam,
600 4375 653 4423 etc.
683 4364 852 4424 Manifestum
876 4375 918 4425 est

1143 4254 1179 4268 -
1192 4225 1310 4284 Domine
1324 4228 1463 4296 detector,
1480 4234 1533 4285 etc.
1548 4227 1636 4284 Nemo
1649 4240 1716 4301 argo
1730 4228 1765 4285 da

966 4329 997 4371 sa
1011 4322 1171 4386 prasumat,
1186 4316 1312 4388 quoniam
1334 4317 1443 4374 Domini
1462 4326 1504 4374 est
1515 4316 1607 4374 salvos
1620 4314 1714 4374 lacera
1727 4316 1763 4374 de

116 4457 190 4531 quod
205 4456 258 4513 uisi
273 4457 452 4529 desperarent
467 4463 692 4522 resurrecturum,
704 4469 760 4513 non
769 4456 918 4530 utiqueoc·
931 4406 1195 4546 Dfflzffittsse
1204 4400 1511 4561 Eluaeffissffie'
1541 4401 1657 4458 benedw
1670 4415 1761 4474 9⁰9⁰·

114 4547 249 4606 siderent.
264 4547 340 4620 Ergo
362 4561 414 4603 nec
437 4546 520 4604 ludas
542 4562 604 4603 eum
624 4545 792 4613 tradidisset,
817 4545 917 4604 nisiex

114 4651 211 4694 corum
225 4643 300 4692 esset
314 4650 427 4692 numero
442 4635 488 4708 qui
503 4633 639 4691 Christum
653 4642 858 4693 contemnerent
870 4636 916 4691 di-

114 4734 209 4783 centes
225 4741 233 4781 :
248 4725 309 4782 lton
324 4728 368 4782 ert
379 4725 458 4782 sutor
472 4726 528 4798 ipsi
542 4726 574 4780 in
589 4726 644 4782 Dee
656 4726 727 4798 ejvs.

151 4833 235 4889 Vm·
252 4832 279 4889 ⁴·
295 4862 330 4873 -
347 4833 386 4888 T1⁴
407 4835 514 4898 comm,
532 4832 659 4899 Domine,
682 4836 835 4907 mentor,
854 4832 915 4890 ⁶10·
1001 4843 1087 4901 Vnns.
1102 4846 1130 4902 ι.
1146 4873 1181 4886 -
1204 4845 1273 4902 cvm
1295 4846 1457 4903 invocarem
1478 4845 1688 4919 exaudivitme,
1704 4855 1757 4905 etc.

113 4922 190 4978 riom
204 4936 281 4977 suem
296 4918 443 4976 Dominum
457 4919 523 4976 dicit
537 4919 616 4976 etiam
632 4919 687 4987 ille,
702 4937 784 4993 quem
797 4919 837 4978 sic
852 4937 914 4979 sus·
965 4934 1037 4990 peu,
1049 4934 1173 5007 jmrtttae
1180 4949 1260 4999 mm,
1271 4949 1286 4988 a
1297 4947 1352 5006 quo
1366 4933 1518 5004 esrjusfiria
1530 4950 1602 5005 meg,
1619 4934 1654 4990 ab
1669 4950 1758 5008 ungu.

113 5009 186 5082 θθΡῑῑ
209 5009 260 5066 Dei
283 5009 406 5079 Verbum,
430 5016 459 5064 Ut
487 5008 566 5065 Simul
592 5023 654 5066 ⁰¹1¹st
676 5024 710 5065 80
728 5008 804 5066 Deus
826 5007 912 5067 steret·
965 5017 1024 5073 stiis
1037 5017 1153 5073 tristitiae
1168 5017 1196 5072 in
1218 5017 1385 5074 latitudinem
1409 5018 1571 5092 gaudiorum
1581 5036 1626 5077 me
1641 5019 1760 5076 duxisti:

115 5099 312 5171 deputantem
325 5105 446 5155 mentem
460 5097 548 5169 ipsam
564 5096 760 5156 humanamhic
774 5097 914 5173 accipien-
966 5106 1204 5164 paludamento,
1216 5109 1387 5179 peameca
1399 5111 1432 5166 e„
1446 5123 1558 5166 omnm
1572 5110 1702 5166 animam
1720 5109 1770 5168 rw.

114 5187 180 5244 dam
194 5194 269 5260 puto,
285 5203 347 5260 quae
360 5186 399 5242 ita
414 5186 536 5252 adhaesit,
553 5193 581 5242 ει
592 5186 794 5260 quodammodo
814 5187 916 5246 coaluit
964 5195 1051 5252 minis
1059 5197 1203 5270 operantis
1213 5198 1332 5253 motum.
1342 5195 1396 5267 Qui
1404 5197 1569 5254 autemdicit
1584 5213 1591 5254 :
1604 5190 1762 5257 Mademm

112 5275 257 5334 excellenti
271 5275 509 5348 supereminentiae
518 5275 600 5331 Verbi
611 5274 748 5333 hominem
763 5275 914 5349 suscipien·
963 5284 996 5340 im
1011 5284 1251 5352 tribulationibus,
1261 5285 1382 5343 tetemet
1405 5288 1539 5360 qvoniam
1554 5288 1699 5346 ιήιιιιαιιο
1707 5303 1762 5360 pa·

112 5365 157 5431 tis,
174 5373 203 5422 nt
216 5364 246 5420 in
260 5371 333 5421 tanta
346 5363 480 5436 passionis
491 5362 640 5420 humilitate
650 5380 705 5420 non
720 5366 912 5437 deponeretur.
965 5373 1097 5429 murtam
1118 5378 1261 5447 operatur,
1277 5375 1421 5448 patientta
1435 5379 1534 5434 autem
1556 5377 1758 5451 probationem,

148 5455 267 5511 Possunt
277 5454 335 5511 haec
346 5460 374 5509 et
383 5470 416 5510 ex
426 5452 684 5526 personaEcclesiae
699 5452 796 5526 accipi.
807 5454 875 5511 Nam
885 5454 914 5512 in
962 5463 1087 5533 prolatio
1093 5478 1157 5519 vero
1165 5480 1252 5536 rpem,
1262 5479 1324 5537 spes
1332 5468 1429 5521 vatem
1444 5464 1678 5538 concordandi&
1692 5466 1760 5536 puio

111 5542 159 5599 illo
182 5541 294 5599 homine
309 5549 336 5598 et
350 5542 475 5599 Ecclesia
496 5550 624 5613 suscepta
638 5550 680 5598 est
693 5558 710 5598 a
724 5542 823 5610 Verbo,
840 5544 912 5617 quod
963 5551 1088 5607 clariter
1095 5551 1309 5624 Deidtli'uroest
1321 5554 1489 5613 iocerdilmr
1496 5554 1602 5612 vostris
1608 5569 1661 5627 per
1671 5552 1761 5626 spire.

112 5646 180 5689 caro
194 5631 295 5689 lectum
310 5639 361 5699 est,
373 5638 400 5686 et
410 5630 538 5687 habitavit
549 5631 577 5686 in
587 5632 677 5689 nobis.
694 5633 831 5706 loquatur
845 5649 912 5707 ergo
963 5645 1025 5698 tom
1035 5644 1227 5715 comtempto
1234 5641 1751 5710 durusmrovttr‚non·nabetcordtsan

1234 4683 1270 4738 ΙΝ
1285 4681 1448 4739 Psnttttttt
1461 4683 1507 4740 tv.
