3772 6112
109 218 164 275 ³4⁹
601 214 737 273 GLOSSA
752 210 957 273 cucullata.
971 244 1007 259 ·-
1019 212 1153 273 EVAND.
1168 214 1247 274 Luc.
1707 223 1760 278 too

109 348 267 414 empna-te
279 340 425 414 potestatis
439 339 569 395 insinuat.
584 342 666 396 Amat
680 339 753 396 enim
766 338 951 413 dumgio-A
965 340 1049 412 mulo,
1079 340 1253 398 ammarum
1277 342 1394 397 Domino
1424 349 1487 414 post
1509 357 1593 414 opera
1613 350 1707 400 manet
1733 344 1762 400 in

110 431 183 487 mam
197 429 283 498 Patri,
300 430 330 485 in
343 444 400 502 quo
415 442 467 485 nos
482 427 621 499 informat,
636 436 667 485 nt
684 429 802 503 gloriam
816 428 914 485 demus
967 430 1067 503 quiete,
1083 430 1172 487 donce
1187 430 1215 485 iu
1229 438 1326 488 octava
1340 438 1485 504 resurgant
1507 446 1634 503 corpora.

111 518 247 576 Creatori.
433 542 444 559 ·
1000 520 1086 576 Vsus.
1103 521 1198 575 115.-
1211 521 1350 576 Mulieres.
1365 520 1433 575 Aliis
1446 519 1590 577 uotisiesu
1603 520 1760 594 postdepo-
1811 502 1816 515 ’

149 607 237 666 vm.
250 607 298 664 tt.
309 633 344 648 -·
359 605 458 662 Videas
472 608 569 662 eutem
578 606 717 663 centorio.
728 605 832 663 Videas
841 607 916 680 quod
965 607 1045 664 situm
1060 624 1158 679 corpus
1173 607 1375 675 recedentibus,
1392 608 1459 665 sole
1472 608 1610 677 mulieres,
1626 626 1687 682 quae
1700 624 1760 666 arc·

114 698 153 753 ita
165 695 286 752 baberet
297 700 463 766 potestatem
476 692 601 750 mittendi
616 693 750 766 spiritum,
772 695 846 767 quod
859 710 916 751 nou
964 695 1018 751 tius
1033 696 1171 764 amabant,
1187 695 1306 752 efficium
1321 695 1426 752 funeris
1440 697 1631 769 inspiciebant,
1647 706 1678 754 ut
1691 713 1759 755 con-

113 784 200 841 habet
214 782 269 840 nisi
282 783 408 840 conditor
421 781 584 849 animarum,
600 782 659 853 ipse
673 783 720 855 qui
743 782 916 840 cmcilixerat
964 801 1035 858 gruo
1049 793 1170 857 tempore
1186 801 1284 841 munus
1298 785 1451 842 devotionis
1466 803 1523 843 suae
1544 784 1685 855 offerrent,
1707 803 1760 843 ex·

112 872 221 944 inipso
238 871 377 944 passionis
400 870 541 937 scandalo,
566 869 710 928 confitetur
732 871 783 927 Dei
806 871 913 940 Filium,
965 881 1120 945 spectantes
1139 874 1212 946 quod
1225 875 1305 929 lesus
1319 874 1494 945 promiserat,
1519 883 1546 932 et
1575 875 1637 932 ideo
1665 875 1760 948 primas

116 975 200 1034 quem
213 958 301 1016 ludsei
313 967 377 1031 post
396 966 436 1015 tot
458 958 595 1015 miracula
616 959 732 1015 credere
755 969 914 1016 renuerunt.
965 961 1098 1018 viderent.

115 1049 193 1107 Unde
207 1064 260 1121 per
281 1047 470 1104 centurionem
495 1046 565 1103 fides
586 1047 719 1104 Ecclesiae
742 1047 914 1121 designetur,
1000 1050 1087 1107 Vsas.
1103 1052 1147 1106 56.
1159 1052 1239 1107 —lit
1253 1054 1435 1107 revertentes.
1453 1051 1579 1121 Inspecta
1592 1051 1701 1111 Domini
1715 1069 1759 1109 se·

116 1154 184 1210 qun,
200 1136 265 1193 reio
277 1136 472 1210 mysteriorum
487 1135 642 1192 eoelestium
656 1152 707 1208 per
725 1143 842 1192 mortem
855 1137 914 1193 Do-
965 1136 1074 1211 pultura
1087 1145 1254 1194 revertentes
1269 1146 1498 1210 pamntaromate
1513 1147 1539 1195 et
1549 1147 1701 1213 unguenta,
1712 1140 1760 1214 qui

114 1225 181 1281 ruini
193 1233 332 1293 reserato,
358 1240 421 1281 mox
440 1225 545 1295 justum
569 1232 595 1281 et
618 1224 669 1281 Dei
687 1225 785 1281 Filium
807 1233 915 1282 tacente
963 1226 1044 1297 lecta,
1060 1227 1160 1297 audita,
1176 1226 1330 1297 recordata,
1346 1226 1475 1298 passione
1489 1226 1608 1296 Domini,
1625 1229 1661 1284 ad
1675 1243 1762 1301 opera

115 1314 265 1389 synagoga
277 1312 430 1371 confirmat.
964 1314 1094 1372 virtutum
1110 1314 1207 1386 quibus
1224 1314 1346 1370 Christus
1361 1314 1511 1370 delectetur
1534 1331 1564 1373 se
1587 1323 1759 1389 convertunt,

148 1403 237 1460 Vns.
252 1405 297 1458 ts.
313 1430 349 1445 -
362 1403 558 1459 Peroctieotea
571 1405 696 1474 pectere.
718 1400 798 1471 Quod
812 1417 914 1475 percu-
965 1410 992 1459 et
1010 1403 1124 1459 sabbato
1146 1402 1237 1459 silent.
1262 1403 1327 1460 Post
1351 1403 1494 1459 sabbatum
1518 1418 1580 1460 cum
1602 1404 1760 1461 muneribus

115 1492 187 1548 tiunt
202 1499 319 1563 pectora
333 1490 362 1546 in
376 1490 486 1563 signum
498 1489 665 1561 poenitentiae
679 1497 707 1545 et
720 1489 808 1546 luctus
822 1491 914 1564 dupli·
964 1491 1072 1548 venturi
1087 1493 1122 1547 ad
1133 1492 1293 1561 Dominum,
1311 1507 1371 1548 cum
1386 1490 1462 1548 linita
1475 1493 1620 1563 praesentis
1634 1492 1696 1550 vitae
1712 1508 1760 1565 pa·

118 1579 188 1638 citer
203 1586 295 1653 potest
308 1579 434 1652 intelligi.
452 1576 515 1635 Sira
533 1579 606 1634 enirn
620 1579 696 1648 cujus
709 1579 793 1635 vitam
808 1580 913 1637 dilexe-
964 1595 1078 1637 rasceve
1092 1579 1120 1634 in
1133 1579 1212 1636 beata
1227 1580 1318 1652 quiete
1332 1581 1484 1653 gaudentes
1509 1588 1669 1653 exspectant
1692 1590 1760 1638 tem·

115 1676 186 1737 rant,
202 1669 303 1739 injuste
316 1668 438 1725 occisum
451 1667 583 1724 dolebant
599 1683 607 1722 :
624 1668 682 1724 sire
696 1669 773 1738 cujus
797 1677 914 1726 mortem
922 1698 950 1760 B
963 1685 1016 1741 pus
1030 1668 1247 1739 resurrectionis,
1264 1684 1317 1740 quo
1333 1668 1438 1725 Christo
1453 1677 1598 1725 occurrunt
1611 1685 1673 1726 enm
1685 1669 1761 1727 redo

115 1773 145 1814 sa
158 1757 323 1829 impetrasse
338 1755 528 1821 meminerant,
547 1755 620 1812 hunc
634 1755 662 1810 in
686 1763 775 1812 morte
797 1757 914 1830 amplius
964 1756 1081 1812 lentibus
1096 1757 1232 1813 actionum
1247 1756 1424 1813 aromatibus.
1440 1760 1476 1814 st
1490 1759 1611 1825 salbete,
1625 1766 1677 1815 etc.
1690 1758 1761 1812 bian-

114 1844 296 1919 glorificatum
310 1844 471 1901 tremebant.
489 1844 544 1900 Sed
558 1858 727 1916 quacunque
742 1859 827 1901 causa
844 1860 914 1918 pec·
964 1846 1056 1900 datum
1070 1853 1139 1917 erat,
1156 1852 1185 1900 ut
1200 1845 1307 1900 sabbati
1323 1845 1460 1901 silentium
1474 1861 1615 1917 avespera
1629 1844 1763 1919 usquead

118 1941 163 1990 tus
175 1934 293 1990 tundere
306 1933 439 2007 coegerit,
455 1933 597 1989 rideamus
612 1933 770 1988 distantiam
783 1934 873 2007 gentis
887 1942 916 1991 et
965 1950 1110 2006 vesperam
1125 1941 1284 1991 servaretur.
1297 1934 1362 1989 ldeo
1372 1933 1501 1990 mulieres
1510 1933 1617 2006 sepulto
1632 1933 1760 2001 Domino,

117 2023 218 2097 gentis.
235 2021 368 2089 Gentiles,
384 2021 518 2078 moriente
532 2021 649 2077 Domino
675 2023 762 2077 Deum
777 2022 914 2091 timentes,
964 2023 1085 2095 quandiu
1095 2022 1195 2080 licebat
1216 2021 1332 2094 operari,
1358 2022 1385 2078 in
1408 2023 1554 2099 unguentis
1577 2022 1763 2094 praeparandis

116 2120 220 2184 apertas
233 2110 417 2168 consessionis
430 2126 498 2167 voce
521 2109 675 2183 glorilicant
690 2127 698 2166 ε
712 2111 799 2168 ludaei
814 2126 914 2183 percu·
964 2119 1133 2183 occupantur
1146 2127 1294 2183 parasceve
1315 2128 1401 2185 usque
1425 2112 1460 2167 ad
1483 2112 1549 2167 solis
1573 2126 1711 2183 occasum,
1736 2119 1764 2168 et

114 2200 217 2257 tientes
231 2200 320 2257 solinu
334 2207 457 2271 pectora,
473 2199 586 2255 silentes
600 2198 712 2256 domum
726 2200 851 2256 redeunt.
963 2207 1101 2256 transacto
1117 2200 1232 2257 sabbato
1246 2202 1386 2259 accidente
1401 2200 1468 2271 sole,
1484 2208 1514 2255 ut
1527 2215 1608 2256 mane
1622 2200 1762 2257 venientes

149 2314 240 2373 pm·
257 2317 301 2373 50·
317 2345 353 2358 ,,
366 2315 484 2372 Nomine
499 2315 608 2388 joseph·
622 2314 916 2387 josephpernobffita,
964 2296 1098 2363 ungerent
1112 2306 1184 2360 eum,
1202 2290 1266 2361 quia
1280 2306 1395 2362 vespere
1409 2289 1526 2356 sabbati,
1542 2296 1762 2388 ‘praeoccupante

113 2413 168 2462 tem
181 2404 312 2477 potem
327 2403 469 2461 mulmis
483 2418 584 2476 corpus
600 2403 736 2475 accipere,
760 2419 811 2475 pe,
832 2404 915 2474 jum„
960 2377 1018 2447 jam
1033 2377 1121 2434 noctis
1135 2377 1258 2445 articulo,
1280 2385 1484 2434 monumentmn
1506 2377 1582 2434 adire
1602 2393 1657 2434 non
1680 2385 1761 2450 pote-

112 2493 181 2550 tiam
195 2493 360 2550 meritorum
376 2492 476 2566 dignus
492 2499 534 2549 est
549 2492 679 2565 sepelire.
964 2475 1035 2523 istm·

150 2608 238 2665 Vsus.
254 2611 299 2667 52.
316 2637 350 2649 -
364 2609 413 2665 ilie
428 2608 558 2675 occessit,
576 2615 628 2664 ete.
646 2607 708 2664 Nou
723 2607 850 2679 apostoli,
868 2608 915 2664 sed
1248 2581 1360 2637 CAPUT
1373 2580 1474 2637 XXIV·

114 2697 220 2770 losepb
230 2697 321 2767 iustus
335 2705 363 2752 et
376 2704 514 2763 constans,
531 2702 558 2752 et
569 2695 746 2766 Nicodemus,
757 2697 916 2770 inquouon
999 2724 1084 2781 Vm·
1103 2727 1128 2778 4·
1145 2724 1243 2781 ,Una
1258 2726 1356 2779 aulem
1370 2722 1486 2790 sabbati,
1504 2728 1556 2778 etc·
1574 2722 1634 2778 Um
1657 2721 1762 2780 „bbag

115 2794 176 2845 θη*
205 2786 295 2853 d⁰l¹¹³’
325 2785 470 2885 sepeliunt:
490 2784 576 2885 ,Talis
602 2793 643 2842 est
667 2786 750 2842 ‘fiam
778 2787 917 2886 ⁵⁰P¹¹¹¹¹¹fa
961 2813 1035 2869 idem
1051 2820 1092 2868 est
1108 2812 1180 2885 quod
1195 2811 1284 2883 prima
1299 2811 1414 2879 sabbati,
1430 2811 1459 2867 id
1475 2819 1525 2880 est,
1542 2825 1597 2867 uua
1611 2810 1671 2866 dies
1685 2825 1702 2866 a
1715 2811 1761 2868 die

75 2880 86 2897 ⁸
116 2875 229 2943 ΜΨ
244 2891 305 2947 ‘³⁰ae
320 2873 446 2931 fraudem
460 2875 685 2947 ¹¹¹¹q¹¹i²³²²¹¹¹qu⁰
701 2891 755 2931 ⁰⁰¹¹
770 2876 862 2947 babet,
888 2893 916 2931 ¹¹¹
965 2901 1069 2958 sabbati
1083 2901 1127 2958 vel
1142 2900 1327 2968 sabbatorum,
1344 2917 1405 2972 quae
1417 2899 1641 2958 nunoDominica
1650 2899 1759 2956 dicitur.

113 2980 167 3039 qno
182 2964 334 3020 obstruitur
348 2964 536 3038 tergiversatio
548 2964 786 3021 Judaeomm.Nam
800 2964 824 3020 si
839 2980 918 3036 apos·
967 2990 1046 3060 Quod
1060 2991 1139 3046 ,alde
1152 3005 1233 3046 mane
1246 2990 1374 3045 mulieres
1398 2989 1434 3045 ad
1453 2997 1661 3045 monumentum
1677 3004 1762 3045 vm,

58 3119 62 3128 p
116 3052 164 3110 toli
176 3052 352 3124 sepelissent,
368 3052 490 3111 dicerent
504 3067 560 3110 non
577 3054 712 3125 sepultum
732 3070 813 3126 quem
837 3053 916 3110 dixe·
930 3056 1040 3148 cmm,
1057 3095 1177 3153 magnus
1202 3078 1293 3136 servor
1315 3079 1453 3135 charitatis
1477 3077 1615 3152 quaeoendi
1637 3078 1663 3135 οἱ
1686 3078 1762 3135 inve„

114 3150 179 3199 ΝΜ
193 3148 313 3215 raptum.
965 3169 1058 3226 aiendi
1073 3169 1218 3225 Dominum
1233 3168 1392 3224 ostenditur.

149 3249 238 3307 Vtina-
255 3252 300 3305 53.
316 3277 352 3292 -
365 3247 505 3322 Spadone·
521 3247 563 3304 Ex
574 3247 690 3320 simplici
705 3248 844 3321 sepultura
859 3249 914 3305 Do·
1000 3258 1112 3329 ilystice
1130 3275 1136 3314 :
1153 3257 1315 3329 Exemplum
1331 3258 1421 3327 datur,
1437 3255 1632 3323 ut,illuminata
1640 3252 1704 3322 fide,
1718 3253 1763 3311 dc·

114 3337 183 3395 mini
198 3335 311 3395 ambitio
324 3337 438 3394 divitum
453 3337 660 3408 wudemnflissb
681 3337 727 3409 qui
740 3353 792 3395 nec
814 3337 914 3395 monui
966 3347 1109 3419 cussisque
1124 3346 1252 3402 vitiorum
1267 3346 1398 3411 tenebris,
1416 3346 1450 3400 ad
1465 3360 1575 3402 sacrum
1590 3360 1689 3416 eorpus
1704 3344 1762 3400 Do·

114 3442 212 3484 “¹0¹0
225 3432 339 3499 P⁰³⁸1¹¹1²
357 3424 469 3481 divitiis·
964 3435 1031 3491 mini
1045 3435 1218 3492 accedamus.
1234 3435 1303 3490 Nam
1320 3433 1477 3505 sepulcrum
1492 3432 1582 3506 ligura
1597 3440 1639 3489 est
1658 3431 1761 3503 allans,

150 3530 266 3613 llystice
282 3556 289 3596 :
306 3540 337 3596 ln
352 3539 476 3611 syndone
489 3538 592 3594 munda
604 3539 698 3595 lesum
720 3539 842 3613 involvit,
868 3539 915 3612 qui
964 3522 1400 3598 in‘l110&deblaimmisterium
1422 3522 1547 3593 00sP0n'8
1570 3530 1598 3578 θῑ
1621 3521 1763 3595 “nim

116 3645 184 3702 pura
198 3634 291 3686 menta
306 3644 369 3684 eum
383 3627 506 3699 suscipit.
522 3628 591 3684 ilinc
606 3628 688 3683 etiam
710 3642 769 3684 mos
783 3629 916 3686 Ecclesia
964 3613 1082 3670 nmini·
1099 3615 1225 3669 Afflfflssffl
1241 3628 1301 3684 ‘luae
1315 3610 1441 3667 deferunt
1455 3610 1570 3667 0d⁰r0¹11
1583 3609 1723 3676 virtulum,
1736 3616 1763 3665 θῑ

115 3717 207 3785 babet,
222 3724 252 3772 ut
266 3715 433 3774 sacrificium
447 3716 539 3772 altaris
554 3732 609 3772 non
623 3716 722 3785 serico,
744 3732 798 3772 non
823 3732 916 3789 panno
965 3702 1126 3759 suavilflissm
1141 3701 1304 3767 0r³ii⁰1111¹¹¹s
1322 3715 1384 3756 cum
1400 3698 1499 3771 quibus
1514 3697 1594 3754 illari
1604 3698 1765 3771 PrOPiflqW·

95 3831 99 3839 ·
118 3805 211 3874 tincto,
227 3806 277 3863 sed
291 3821 358 3879 puro
372 3805 446 3862 lineo
466 3804 628 3862 celebretur.
964 3808 994 3849 re
1007 3792 1149 3858 debemus,
1171 3788 1318 3863 significa&

150 3897 187 3953 lit
198 3895 296 3968 poscit
310 3910 385 3951 eum.
402 3895 475 3950 Bene
485 3910 554 3967 ergo
563 3893 688 3950 Christus
698 3893 727 3948 in
736 3901 913 3951 monumento
999 3881 1084 3936 ΨΜ·
1096 3884 1123 3936 ²·
1135 3909 1170 3920 ··
1179 3878 1314 3951 Lapidem
1326 3878 1495 3934 mimum·
1506 3874 1650 3974 R²V⁰¹¹¹¹ifl
1660 3873 1759 3947 hilidiss

114 3982 179 4054 justi
195 3982 334 4053 conditur,
350 3991 379 4039 ut
392 3982 492 4038 habeat
506 3982 588 4039 Filius
603 3981 721 4038 hominis
735 3983 782 4038 ubi
802 3982 917 4040 reclinet
964 3969 1101 4041 Signififfll
1115 3967 1314 4025 resefflssfflleffl
1328 3972 1560 4023 ⁸³⁰fflffl0ss¹0fflm
1573 3963 1684 4063 Christi·
1701 3979 1762 4036 ‹1¹1ae

119 4079 209 4146 capnt,
227 4079 255 4129 et
270 4070 385 4142 justitiae
407 4069 573 4127 habitatione
598 4070 733 4143 quiescat.
747 4072 915 4139 Benenovo,
965 4058 1027 4114 *1⁰¹0
1041 4057 1136 4113 linem
1151 4056 1324 4130 ²⁰ss⁰b³¹¹²¹¹s·
1345 4055 1401 4111 1¹⁶¹
1423 4054 1452 4110 5¹¹
1475 4053 1566 4126 lapide
1588 4060 1688 4124 ⁵⁰Dlli⁸
1710 4058 1762 4120 0⁵⁸2

119 4168 145 4217 ut
159 4161 188 4216 in
202 4160 325 4217 novitate
340 4159 403 4217 visa)
418 4159 463 4233 qui
487 4160 623 4216 christum
648 4159 761 4230 suscipis
784 4158 914 4215 ambules,
965 4147 1043 4216 eujus
1056 4145 1147 4202 ablato
1161 4146 1281 4219 tegmine
1296 4144 1404 4201 Domini
1423 4159 1523 4215 corpus
1547 4149 1683 4199 mortuum
1707 4155 1763 4197 non

119 4247 178 4306 lion
194 4248 295 4321 sepelit
309 4248 456 4317 Christum,
482 4247 536 4304 nisi
553 4247 599 4321 qui
614 4247 703 4304 credit
717 4248 745 4302 in
769 4247 916 4304 christum,
965 4234 1112 4303 iuvenitur,
1128 4236 1178 4291 sed
1193 4234 1285 4291 vivum
1297 4233 1517 4307 evangelizatur:
1529 4233 1764 4305 goiaelsiccgne·

149 4356 184 4413 [η
197 4359 384 4414 monumemo
399 4357 504 4412 exciso·
515 4354 595 4411 Solus
609 4352 741 4410 Dominus
755 4354 857 4411 tumulo
872 4353 917 4409 in,
966 4326 1057 4381 mmor
1069 4325 1215 4381 Christum
1224 4323 1380 4380 secundem
1389 4337 1513 4388 carerem,
1520 4319 1634 4417 sedjoco
1644 4334 1702 4375 noo
1712 4334 1763 4374 oo-

121 4442 244 4513 cluditur,
260 4451 289 4501 ut
303 4443 444 4516 sepultura
457 4443 529 4498 illius
544 4450 572 4500 et
594 4442 759 4499 resurrectio
783 4459 800 4498 a
813 4451 915 4500 uostrae
928 4420 955 4485 D
969 4414 1062 4470 ”imm
1079 4414 1118 4484 (Η
1133 4414 1194 4470 σθ’·
1210 4413 1250 4484 η·
1265 4411 1354 4467 Ροωὴ
1368 4415 1460 4465 amem
1474 4407 1569 4465 ⁰¹⁸u⁸⁰
1583 4422 1659 4463 ⁰¹¹oe
1672 4404 1764 4478 ’Μ’

122 4530 269 4607 fragilitate
296 4539 400 4589 naturae
424 4531 566 4588 dissimilis
588 4539 764 4588 monstretur.
791 4531 918 4604 Sepultus
969 4517 1026 4572 θ’θ’
1043 4515 1090 4574 ‘1¹¹¹
1104 4501 1197 4559 ⁰¹³⁰⁵⁰
1212 4507 1294 4607 em
1307 4507 1394 4554 mem·

122 4630 168 4694 ast,
188 4622 240 4679 sed
263 4621 385 4694 quandiu
409 4621 494 4677 uoluit
520 4638 527 4676 :
554 4619 713 4687 resurrexit,
740 4619 790 4676 sed
810 4621 918 4693 quaudo
1004 4616 1089 4672 Vsus.
1106 4617 1133 4672 i.
1149 4645 1184 4655 -
1201 4615 1290 4671 Dente
1305 4613 1505 4670 constemeloe.
1530 4610 1622 4668 Mente
1635 4616 1763 4668 conster-

123 4710 210 4767 reluit.
228 4712 262 4768 ln
277 4726 330 4783 guo
344 4710 481 4768 cendum.
498 4709 527 4767 si
542 4708 571 4764 in
585 4716 763 4765 monumento
781 4707 829 4764 ubi
849 4709 918 4766 elius
968 4713 1078 4772 nentur,
1094 4705 1158 4776 quia
1174 4710 1201 4759 et
1214 4702 1333 4774 lapidem
1347 4701 1489 4756 immense
1506 4699 1703 4774 magnitudinis
1717 4715 1763 4757 re·

123 4800 222 4870 positus
236 4798 344 4870 luisset,
360 4807 517 4870 poneretur,
533 4798 601 4854 alius
616 4797 802 4854 resurrexisse
826 4796 917 4872 finge·
968 4794 1088 4851 volutum
1104 4791 1257 4864 stupebant,
1283 4797 1310 4846 et
1329 4805 1430 4860 corpus
1453 4796 1510 4845 tam
1532 4789 1688 4846 venerabile
1708 4803 1765 4845 non

124 4896 205 4946 retur.
222 4889 255 4946 ln
277 4895 356 4960 petra
381 4888 483 4960 exciso,
508 4902 543 4944 ne
567 4887 591 4942 si
615 4903 648 4943 ex
668 4886 760 4942 multis
781 4885 918 4960 lapidibus
967 4883 1108 4940 inventum
1121 4879 1350 4937 dolebanteSicut
1363 4884 1467 4935 tentato
1489 4877 1518 4932 iu
1539 4877 1684 4935 solitudine
1704 4878 1763 4935 Do-

123 4974 281 5034 edificatum
296 4985 378 5046 esset,
403 4976 485 5034 fossis
509 4975 604 5034 tumuli
628 4974 822 5048 fundamentis,
846 4975 918 5033 furto
967 4971 1052 5042 mino,
1076 4970 1183 5041 expleta
1205 4967 1319 5025 victoria
1341 4967 1433 5040 angeli
1455 4965 1647 5023 ministrabant
1668 4966 1704 5039 ei,
1729 4966 1765 5024 ita

124 5065 225 5122 ablatus
240 5065 387 5122 diceretur.
967 5059 1050 5114 modo
1063 5065 1125 5130 post
1138 5057 1274 5115 devictam
1294 5064 1411 5113 mortem
1434 5063 1567 5114 venerunt
1592 5055 1694 5131 angeli,
1719 5058 1765 5130 qui

967 5162 1024 5204 non
1037 5147 1126 5203 solum
1140 5147 1237 5216 verbo,
1253 5146 1302 5202 sed
1317 5145 1398 5202 etiam
1415 5144 1530 5219 fulgenti
1544 5144 1639 5202 babitu
1648 5144 1765 5220 gloriam

122 5268 210 5340 bomo,
228 5269 343 5326 sabbato
358 5268 461 5342 quierit
474 5270 558 5326 Deus.
576 5270 659 5326 Sexta
683 5284 752 5342 ergo
774 5268 919 5326 cmcilixus
968 5235 1128 5292 ‘mutim‘
1142 5235 1344 5308 triumphfflss·
1360 5236 1395 5291 Εῑ
1409 5233 1479 5291 ⁵5⁰¹¹¹
1494 5234 1605 5307 ⁰⁰1'P0fi
1619 5234 1647 5290 in
1669 5232 1764 5304 “illul-

120 5357 328 5432 pmpmgonis
357 5356 451 5429 imple,
478 5373 616 5415 arcanum·
647 5356 764 5414 gabbam
792 5356 919 5429 sepulcro
968 5340 1017 5383 cro
1032 5325 1186 5396 astitemnt,
1205 5325 1245 5383 sic
1260 5324 1343 5382 etiarn
1357 5323 1468 5398 corpori
1478 5319 1763 5383 consecratoinaltari

121 5447 275 5520 quianam,
300 5445 509 5503 resurrectionis
540 5452 681 5518 exspectat
704 5451 843 5503 eventum.
873 5444 920 5503 Sic
969 5415 1090 5487 q⁰⁰²idi⁰
1105 5414 1246 5472 ⁸⁵⁵i⁵²¹¹¹¹²·

118 5550 167 5593 nos
180 5536 211 5592 in
226 5542 304 5592 sexta
317 5535 414 5593 mundi
423 5542 504 5592 aetate
515 5534 646 5593 debemus
656 5534 714 5608 pati
729 5549 778 5606 pro
789 5533 916 5592 Domino.
1003 5531 1089 5588 Vsus.
1107 5534 1132 5587 s.
1149 5550 1184 5573 -·-
1196 5531 1381 5590 Decllrrcreel
1394 5530 1516 5588 collem.
1530 5528 1601 5583 Nota
1623 5521 1695 5595 qttod
1708 5536 1762 5581 nco

121 5624 149 5681 ln
162 5624 291 5701 septuns,
306 5623 400 5699 idest,
418 5623 525 5699 mando
540 5623 683 5694 morimur,
709 5637 810 5701 eorpus
825 5623 854 5683 in
875 5628 919 5681 tu·
969 5628 1071 5679 saneta
1092 5619 1223 5680 mulieres
1245 5621 1273 5679 ia
1295 5627 1397 5678 terram
1423 5614 1567 5683 cecidisse,
1588 5625 1640 5670 nee
1662 5609 1761 5691 aliquis

153 5180 242 5237 Vnus.
260 5180 305 5236 st.
321 5209 356 5223 -·
370 5182 408 5238 Et
420 5181 479 5237 dies
494 5185 565 5247 eret,
584 5186 636 5235 etc.
658 5179 741 5236 Sex-ta
765 5179 809 5235 die
833 5178 919 5236 iactus
