3772 6112
181 234 251 291 lota

501 235 704 292 WALAFRIDI
725 221 848 293 sanant
869 238 969 296 I'ULD.
986 235 1073 296 IION.
1092 240 1168 298 OPP.
1185 222 1274 301 rult's
1290 246 1323 301 u.
1339 275 1374 287 -
1389 246 1586 305 HISTORICA.
1773 258 1836 313 1056

177 378 254 433 llanc
264 376 371 432 turbam
386 377 484 434 satiare
498 378 585 443 valet;
604 379 663 435 haec
677 396 788 436 munet-a
802 388 922 437 sanetum
990 363 1111 437 ᾹῙΕΠῙΒ»
1129 375 1155 423 ῡῑ
1170 369 1309 426 wimiis
1328 372 1408 442 0OEPi¹
1422 388 1566 431 rarescere
1580 376 1687 446 prunis·

177 465 260 522 Trina
274 466 381 534 decent,
408 467 453 537 qui
469 464 533 522 telle
556 482 663 534 carens,
689 460 834 526 dulcedine
844 470 906 527 vitae

178 552 304 609 Coelestis
315 555 450 624 iucundus
464 562 530 624 erat,
553 555 596 611 cui
617 556 687 610 trina
705 566 833 628 potestas,

179 641 250 710 Vita,
265 640 343 708 fides,
360 643 455 710 virtus,
468 643 585 713 dilectio,
609 661 683 717 spos,
699 647 753 718 via,
770 647 867 719 palma.

475 756 587 813 CAPUT
600 758 674 814 XVI.

181 844 214 901 ut
234 844 323 899 vincti
344 843 495 913 effecerint
509 863 667 919 praesesque
681 864 747 904 cam
767 850 913 906 Maatmete
925 866 977 923 pro

318 914 492 972 tremolendo
511 932 672 973 sermonem
694 920 832 977 habuerit.

177 1012 235 1067 lam
245 1012 342 1069 mediae
357 1029 417 1068 cum
440 1014 528 1070 noetis
550 1016 601 1070 iter
615 1015 735 1073 labentia
748 1018 819 1074 coelo

178 1101 274 1157 Sidera
288 1101 441 1174 signarent,
465 1103 553 1158 subito
576 1105 683 1160 sublata
696 1121 817 1161 serarum

177 1189 299 1244 Claustra
314 1190 386 1245 vium
400 1191 523 1246 tribuunt
537 1193 642 1250 cunctis
656 1210 724 1266 quos
740 1209 835 1250 carcer
848 1195 976 1252 habebat.

176 1285 291 1357 Jamque
306 1284 400 1360 lugam
412 1287 534 1344 celerant
545 1288 649 1357 miseri,
665 1289 807 1363 solumque
822 1290 978 1365 relinquunt

176 1374 324 1430 Convivam
339 1376 390 1430 sub
405 1384 484 1432 nocte
504 1394 584 1433 sunm
599 1396 606 1433 :
623 1378 704 1434 timor
724 1380 824 1435 indicat
838 1396 906 1453 ergo

176 1473 232 1527 llos
247 1471 382 1529 tolerasse
395 1490 468 1540 reos,
492 1474 568 1530 illum
584 1474 634 1530 sub
657 1476 771 1532 crimine
785 1477 869 1546 nullo,

176 1569 230 1625 Sed
246 1576 349 1624 tantum
364 1571 461 1627 virtute
477 1573 568 1640 animi,
585 1588 635 1643 per
659 1573 752 1644 prelis
767 1574 872 1647 Regem

1027 454 1180 527 Conspecta
1195 454 1322 527 novit'ate,
1339 459 1384 531 pio
1400 460 1452 517 tert
1469 462 1532 517 talia
1548 464 1684 521 hlammes

1027 541 1083 599 Ore
1101 562 1107 598 :
1124 545 1204 600 Pater
1224 563 1335 616 rerum,
1352 549 1400 603 tibi
1415 550 1567 619 reddimus,
1592 554 1707 625 optime,
1724 562 1817 629 gretes

1026 632 1093 704 Nos,
1111 634 1173 705 quia
1187 651 1242 691 non
1255 636 1335 691 aliter
1348 637 1476 709 dignatus
1491 640 1582 698 visere
1597 641 1701 707 salvas,

1028 719 1114 790 Quam
1130 724 1268 794 quondam
1283 741 1384 796 pueros
1398 727 1549 800 Babylonia
1560 746 1642 788 sacra
1651 729 1729 788 fideli

1030 810 1142 867 Pectore
1156 819 1324 881 temnentes,
1349 815 1439 870 medio
1459 815 1581 875 fornacis
1596 820 1736 876 honorem

1028 898 1227 956 concelebrare
1243 910 1328 969 tuum,
1353 901 1473 960 salvator
1491 922 1556 962 rore
1571 906 1696 964 dedisti:

1028 987 1159 1045 llemmes
1168 1005 1283 1063 namque
1298 999 1360 1047 tuus
1373 1007 1428 1048 non
1442 994 1523 1050 sentit
1537 996 1564 1051 in
1578 996 1695 1069 ignibus
1709 997 1797 1071 ignes.

1329 1123 1442 1183 CAPUT
1460 1127 1563 1183 XXIII.

1029 1236 1165 1304 Quomodo
1174 1255 1277 1311 preses
1288 1242 1461 1299 Incendium
1471 1246 1630 1307 renovarit.
1642 1247 1841 1321 intactumque

1205 1310 1325 1366 audiens
1347 1313 1443 1383 ipsum
1465 1317 1656 1372 arcessiverit.

1026 1421 1116 1475 Tertia
1128 1430 1260 1491 praeterea
1274 1422 1339 1477 dum
1354 1425 1452 1480 coelum
1465 1442 1566 1482 aurora
1582 1434 1703 1497 teneret,

1029 1507 1099 1564 Solis
1115 1517 1141 1564 et
1155 1509 1264 1583 impigri
1279 1514 1477 1570 conscenderet
1499 1516 1588 1587 ardua
1604 1532 1713 1583 curvus,

1027 1597 1069 1652 Ne
1084 1612 1138 1668 qua
1154 1597 1303 1669 sepulturae
1318 1600 1417 1654 cineris
1433 1618 1579 1672 superesse
1590 1604 1634 1659 vel
1646 1620 1742 1661 ossum

175 1666 252 1724 Velle
267 1670 344 1742 sequi
358 1671 511 1741 proprium,
534 1672 708 1744 palmamque
723 1672 816 1729 subIre
831 1672 939 1745 quietis.
993 1684 1096 1776 Blgne
1111 1685 1212 1741 minuta
1227 1695 1336 1758 queant,
1360 1700 1484 1760 reparato
1500 1692 1586 1748 multa
1600 1692 1699 1749 surore

174 1766 279 1821 Praeses
292 1774 321 1822 ut
335 1768 462 1838 explosas
477 1768 581 1823 audivit
594 1769 712 1825 carceris
737 1769 858 1840 umbras,

174 1863 312 1937 Effugisse
328 1881 400 1934 reos,
417 1866 560 1937 solumque
575 1867 696 1923 residere
715 1869 870 1937 llammcm,

175 1958 286 2014 Custodi
298 1960 376 2029 jubet
390 1961 478 2017 accito
493 1962 545 2016 sibi
562 1962 657 2017 sistere
668 1970 800 2028 sanctum,

1029 1773 1115 1845 Ligna
1122 1774 1198 1843 jubet
1213 1790 1316 1845 praeses
1333 1780 1501 1849 consumptis
1516 1781 1621 1837 addere
1632 1781 1762 1840 llammIs.

1029 1862 1114 1916 Arida
1128 1862 1255 1918 terrificis
1270 1865 1406 1936 crepitant
1418 1868 1542 1923 incendia
1558 1870 1641 1925 tectis

1030 1951 1167 2006 Murmure
1177 1952 1211 2007 de
1226 1969 1337 2025 magno,
1355 1953 1443 2010 fumus
1461 1956 1534 2012 volat
1548 1967 1607 2013 ater
1620 1959 1659 2014 ad
1675 1974 1768 2017 auras.

175 2046 384 2120 Adductumque
394 2047 491 2104 affatur
500 2049 537 2104 ita
554 2065 560 2104 :
578 2050 642 2105 llaec
651 2050 729 2105 datur
739 2051 823 2122 optio,
835 2050 976 2123 Mammea,
1028 2040 1087 2097 Νθῢ
1101 2057 1177 2096 11¹⁰f³
1187 2041 1298 2112 Pulchra
1312 2043 1366 2099 ⁰1¹⁰
1380 2044 1491 2100 dimissa
1504 2047 1633 2103 “dumba
1644 2057 1737 2105 [18ῑὸῑῦ

176 2134 240 2191 Sola
253 2134 310 2202 tibi,
326 2137 433 2192 venium
447 2145 606 2194 cunctorum
620 2147 721 2209 praesto
736 2139 871 2195 malorum

175 2229 203 2285 Si
218 2238 323 2285 tantum
337 2248 404 2302 puro
419 2233 551 2289 DomInus
572 2250 698 2290 sermone
711 2244 835 2306 negetur,

175 2317 262 2387 Quem
277 2321 360 2376 verbo
375 2321 483 2393 vitaque
507 2324 594 2379 Deum
609 2324 687 2389 colis,
704 2324 815 2390 asseris,
831 2339 905 2381 oras.

174 2405 290 2463 Sanctus
304 2408 363 2464 ait:
380 2410 486 2465 Prolata
501 2412 587 2468 semel
602 2413 734 2468 sententia
746 2413 835 2467 stabit.

162 2482 279 2552 'Praeses
292 2497 330 2552 ait
347 2516 353 2552 :
370 2499 466 2555 Libere
486 2500 539 2555 diis
553 2501 610 2566 tibi,
628 2517 706 2571 trane,
723 2516 838 2557 necesse
853 2508 904 2557 est.

1029 2128 1149 2185 Decvnlo
1163 2130 1247 2197 venit,
1264 2131 1387 2187 llammas
1412 2133 1538 2201 secrevit,
1556 2142 1584 2192 et
1597 2152 1684 2194 omne

1030 2218 1105 2290 Ignis
1118 2234 1187 2273 onus
1202 2234 1315 2275 cariterae
1331 2221 1439 2276 curvari
1454 2238 1529 2280 more
1553 2225 1676 2298 peregit,

1028 2305 1087 2362 Nec
1096 2307 1208 2380 longum
1224 2308 1350 2364 restincta
1365 2309 1425 2381 rogi
1436 2312 1569 2368 violentia
1582 2315 1680 2370 cessit.

1029 2396 1063 2449 At
1078 2402 1140 2467 post
1154 2395 1273 2467 quinque
1286 2396 1345 2452 dies
1358 2397 1451 2467 judex,
1468 2400 1491 2454 si
1506 2402 1634 2473 corporis
1649 2402 1716 2461 ullae

1030 2484 1107 2539 Scire
1122 2483 1217 2540 volens
1233 2492 1308 2541 tanto
1324 2496 1458 2543 restarent
1472 2488 1536 2562 igne
1558 2489 1673 2561 iavillae,

173 2584 306 2641 llammes
322 2603 329 2640 :
346 2587 450 2655 Cesset,
466 2588 503 2643 ait
519 2607 527 2655 ;
543 2589 682 2645 ChrIstum
706 2589 778 2659 colo,
793 2589 882 2659 jussio
897 2605 976 2657 vana,
1030 2572 1179 2628 F⁰m⁸⁰⁰¹¹¹
1195 2589 1320 2630 ¹⁸²⁸&ssoe
1330 2575 1420 2644 ildeb
1437 2585 1493 2632 ¹⁰¹⁰
1515 2578 1638 2650 Plurima
1653 2580 1734 2636 mli*

171 2673 257 2729 ludex
275 2692 282 2728 :
300 2675 403 2744 Vincet,
420 2676 467 2746 ait,
482 2679 594 2733 fervens
608 2686 651 2733 tua
676 2678 749 2734 dieta
772 2678 906 2735 caminus.

171 2761 220 2817 Eia
233 2776 294 2832 age,
310 2780 424 2836 quaeqne
438 2765 527 2836 placet
541 2766 649 2822 undem
663 2775 798 2821 tormenta
811 2774 917 2837 parato,

173 2849 305 2906 Mammas
319 2849 396 2908 loetus
409 2851 457 2909 ait.
478 2853 566 2909 ludex
582 2855 626 2910 cui
642 2853 707 2910 talia
717 2854 807 2910 reddit
823 2873 829 2909 :

174 2938 283 2994 Artibus
299 2946 329 2994 ut
343 2955 454 3012 semper
467 2941 582 3015 magmis
605 2943 756 2998 contemnis
771 2951 797 2996 et
815 2942 907 3014 ignes,

174 3025 312 3095 Sacrifica,
345 3028 388 3085 ier
406 3030 478 3087 dona
492 3031 554 3100 diis,
577 3030 613 3086 da
627 3046 740 3086 munera
754 3030 872 3102 templis.

175 3115 234 3181 Ille,
250 3116 338 3189 inquit
353 3119 496 3186 llammes,
512 3134 610 3175 censes
630 3119 728 3190 quibus
748 3133 809 3174 esse
822 3118 975 3175 litandum:

1029 2661 1158 2716 Militibus
1172 2663 1307 2733 permixta
1320 2664 1404 2731 volat,
1421 2665 1547 2722 mirabile
1561 2667 1656 2724 dictul

1029 2750 1148 2805 Auribus
1164 2751 1315 2823 appositus,
1333 2751 1406 2808 intus
1429 2770 1542 2811 sensere
1556 2755 1720 2829 loquentem

1029 2838 1248 2911 Psallentemque
1271 2840 1330 2895 Deo
1343 2841 1437 2897 laudes
1451 2852 1601 2917 gratesque
1616 2845 1765 2902 serentem.

1029 2927 1152 2983 Forsitan
1167 2928 1226 2983 haec
1248 2929 1351 2984 sanctis
1365 2930 1494 2987 llammes
1509 2933 1672 3004 permiscuit
1687 2934 1769 2991 odis:

1029 3014 1128 3071 Fecisti
1143 3031 1204 3082 nos,
1220 3032 1322 3088 magne
1338 3018 1423 3089 Deus,
1438 3021 1553 3077 transire
1566 3038 1620 3094 per
1634 3023 1719 3098 ignes

1029 3104 1214 3177 Fluminaque,
1231 3113 1257 3161 et
1272 3106 1366 3162 reddis
1380 3115 1443 3179 post
1457 3110 1549 3166 omnia
1562 3110 1636 3166 dura
1650 3112 1783 3184 quietem.

176 3202 368 3260 lralicetdare
379 3205 462 3261 verba
472 3213 554 3273 vetet,
567 3206 724 3262 tamenhaec
734 3221 841 3278 quoque
851 3208 978 3278 praeses?
1028 3193 1150 3262 Ᾱῐῑθῦῑῑῑ,
1167 3203 1316 3265 PlOPerata
1330 3204 1456 3266 premunt
1481 3199 1600 3273 *0⁸53ss
1615 3208 1693 3256 reim

175 3289 287 3346 Alcides
303 3292 373 3346 votis
387 3308 558 3365 magnusque
572 3293 677 3349 colatur
698 3293 805 3366 Apollo,

176 3377 270 3433 Proles
286 3388 378 3435 sancta
389 3381 473 3436 lovis.
490 3382 557 3436 Tum
571 3383 701 3438 llammes
710 3382 832 3454 protinus
842 3383 900 3439 iniit
917 3403 923 3439 :

176 3465 346 3525 Conveniunt
370 3477 414 3524 tua
432 3470 505 3526 dicta
520 3470 572 3528 tuis
595 3471 735 3527 erroribus
758 3488 834 3544 ergo,

174 3554 307 3624 Perditio,
325 3558 397 3630 quod
419 3559 517 3630 Apollo
531 3568 617 3627 sonat,
634 3568 740 3617 vastare
756 3561 903 3628 colentum,

174 3651 235 3708 Non
251 3647 359 3704 salvere
372 3646 476 3702 ammas
486 3664 559 3704 saevo
573 3649 641 3705 solet
656 3649 719 3722 igne
728 3649 868 3705 tenendas.

174 3739 224 3795 llis
238 3736 317 3792 simul
332 3736 430 3792 auditis
443 3735 514 3792 irato
535 3744 644 3809 pectore
662 3737 747 3807 judex

173 3827 262 3884 Triste
275 3824 405 3896 Dionysio
418 3825 527 3882 Satanae
540 3826 702 3899 zosimoque
717 3825 846 3882 ministris

174 3917 284 3973 blandai
299 3929 368 3986 opus
382 3922 561 3987 sanctumque
572 3915 649 3984 jubet
669 3915 791 3972 cruciare
805 3915 905 3972 camini

175 4004 297 4079 Ignibus,
311 4010 341 4058 ut
354 4010 423 4058 totas
438 4001 584 4059 contundat
595 4002 703 4059 llamma
718 4003 831 4060 [ovillas.

458 4117 571 4173 CAPUT
588 4118 673 4172 XVII.

1027 3281 1131 3336 Iudicis
1145 3282 1204 3338 haec
1219 3283 1316 3338 rabido
1340 3293 1482 3355 portantes
1495 3286 1569 3343 dicta
1593 3287 1694 3345 furori.

1028 3368 1077 3425 llic
1088 3371 1169 3425 homo
1179 3386 1234 3427 non
1243 3387 1341 3445 magus
1348 3382 1399 3444 est,
1410 3390 1512 3445 praeses
1521 3377 1605 3432 crede
1615 3377 1814 3449 optimenobis,

1028 3457 1082 3515 Sed
1092 3457 1183 3528 potius
1198 3458 1297 3516 virtute
1312 3461 1371 3530 Dei,
1389 3478 1444 3517 non
1467 3464 1598 3534 carmine,
1616 3466 1734 3524 vincens

1027 3544 1143 3601 Saevitiae
1157 3553 1291 3602 tormenta
1305 3554 1367 3616 tuae,
1386 3566 1467 3620 quern
1491 3551 1604 3609 sedulus
1618 3563 1684 3611 oret

1027 3634 1082 3692 Sub
1097 3633 1206 3689 Christo
1225 3634 1347 3690 salvante
1368 3637 1449 3694 valet.
1466 3639 1521 3696 Sed
1535 3656 1653 3713 praeses,
1668 3649 1699 3699 ut
1712 3642 1785 3700 audit

1025 3723 1087 3779 Non
1101 3721 1182 3796 ignes
1192 3723 1315 3797 tetIgisse
1329 3724 1417 3781 virum
1434 3745 1441 3782 ε
1457 3728 1537 3786 Nunc
1551 3730 1687 3800 arbitror,
1704 3732 1798 3806 inquit,

1024 3811 1082 3867 Nos
1097 3811 1221 3885 magicos
1236 3828 1369 3885 superare
1378 3814 1467 3884 dolos,
1489 3816 1571 3874 mlles
1585 3827 1681 3876 tamen
1695 3819 1750 3877 ibis

1026 3898 1207 3974 Adducesqne
1221 3900 1311 3957 virum
1326 3919 1333 3957 :
1350 3917 1404 3958 non
1419 3920 1463 3962 me
1486 3906 1595 3963 vivente
1611 3907 1730 3965 recedet

1027 3988 1114 4045 Sanus
1129 3996 1156 4045 et
1168 3989 1330 4059 incolumis,
1346 3993 1435 4064 poenis
1449 3994 1574 4052 vincetur
1587 3997 1701 4052 amaris.

1329 4114 1442 4175 CAPUT
1451 4118 1528 4175 XIX.

178 4207 306 4278 Qualiter
320 4208 351 4263 ia
365 4205 477 4262 camino
491 4208 544 4261 Deo
553 4208 662 4277 pretias
673 4208 807 4263 retulerit
820 4224 849 4263 se
864 4210 897 4264 ab
914 4208 976 4280 lpas
1029 4202 1268 4270 Quemadmodum
1283 4205 1383 4262 educto
1396 4221 1512 4279 preses,
1530 4211 1561 4263 et
1577 4210 1693 4282 taucica
1706 4210 1824 4285 meanti,

460 4277 526 4332 ledi
539 4292 597 4333 non
619 4293 708 4349 posse.

174 4366 297 4439 Cumque
311 4364 361 4421 Dei
376 4363 464 4433 miles,
481 4364 613 4420 deductus
626 4365 661 4420 ad
680 4379 728 4420 ora
742 4366 851 4436 camini,

173 4455 305 4511 Cerneret
318 4452 435 4509 otlicium
456 4468 553 4525 poenas
572 4453 669 4509 sudare
683 4455 817 4525 parando,

174 4543 283 4600 Visibus
297 4541 440 4598 aetherium
453 4543 517 4597 totis
538 4542 660 4613 suspexit
674 4541 829 4614 Olympum,

174 4633 240 4688 llaec
253 4647 332 4688 sacre
347 4631 420 4687 dicta
432 4631 477 4702 pio
493 4631 608 4703 supplex
623 4631 657 4687 de
669 4640 780 4703 pectore
795 4631 912 4688 tundens
927 4652 934 4689 :

175 4720 199 4778 0
214 4728 320 4792 patrum
330 4727 476 4793 nosterque
490 4719 580 4785 timor,
597 4728 642 4774 tua
664 4721 742 4790 iussa
755 4722 882 4791 tenendo,

173 4809 210 4865 Te
224 4816 336 4882 propter
348 4808 437 4879 patior·
451 4807 589 4864 furibundi
600 4807 700 4877 judicis
714 4809 778 4876 iras,

174 4897 281 4952 Exaudi
296 4912 364 4968 quas
374 4894 457 4952 fundo
471 4911 580 4968 preces,
596 4896 725 4968 patientia
748 4904 868 4953 nostram

174 4983 281 5056 Dirigit
294 4985 368 5041 alme
380 4984 464 5054 viam,
479 4985 565 5041 virtus
580 4984 661 5041 simul
675 4985 747 5057 ignis
761 4986 902 5055 hebescat,

174 5071 283 5143 Integer
296 5081 324 5128 et
337 5073 467 5128 blammes
481 5074 571 5130 vincat
596 5081 731 5129 tormenta
751 5076 866 5146 tyranni,

175 5157 255 5215 Lucis
268 5167 298 5213 ut
306 5160 396 5233 ignari
410 5162 517 5233 capiant
537 5161 680 5218 manifeste
694 5171 817 5234 patenter

175 5246 289 5305 Virtutis
304 5248 465 5306 documenta
479 5258 542 5318 tuae,
559 5261 584 5308 te
600 5251 711 5308 vincere
727 5253 815 5308 solum

172 5338 313 5409 Posseque
322 5344 420 5394 cuncte
434 5339 530 5396 sciant.
543 5340 642 5398 Sancto
657 5351 712 5396 tum
727 5342 837 5398 nomine
852 5343 956 5399 Christi

173 5427 301 5494 llunitus,
316 5426 452 5499 signoque
466 5429 555 5486 crucis
571 5446 620 5501 per
636 5431 743 5502 singula
753 5431 833 5500 iacto,

173 5515 250 5570 Haud
265 5514 382 5586 trepidat
396 5513 514 5569 flamme
527 5518 631 5574 medios
649 5520 753 5576 intrare
766 5536 818 5593 per
833 5529 926 5579 estus.

173 5604 298 5663 Protinus
312 5604 442 5677 ingresso
458 5604 540 5661 cessit
555 5603 596 5660 vis
612 5613 669 5663 tota
683 5608 784 5666 caloris

1316 4277 1395 4347 serus
1407 4279 1582 4351 promiserit.

1028 4361 1105 4417 lliles
1120 4369 1148 4417 ut
1163 4363 1282 4437 ingentis
1307 4374 1477 4422 reseraverat
1497 4381 1545 4422 ora
1561 4369 1676 4436 camini,

985 4426 1011 4486 D
1028 4451 1175 4524 Angelicos
1189 4460 1281 4508 astare
1296 4453 1405 4523 choros,
1423 4462 1449 4510 et
1472 4454 1587 4528 cingere
1602 4457 1766 4527 Mammam,

1023 4537 1150 4596 Suaviter
1163 4541 1190 4595 in
1205 4540 1295 4596 media
1308 4540 1375 4598 vidit
1389 4542 1500 4600 fornace
1514 4544 1674 4613 sedentem,

1024 4627 1211 4703 virtutemque
1225 4630 1321 4686 humili
1335 4631 1434 4686 trinam
1458 4648 1542 4703 prece
1558 4633 1611 4690 rite
1636 4643 1784 4692 vocantem

1024 4716 1159 4772 Laudibus
1173 4718 1304 4774 intentum
1314 4720 1432 4790 Domini,
1448 4730 1542 4778 sancto
1552 4723 1665 4797 agmine
1674 4731 1799 4795 septum

1025 4805 1194 4864 Christicolae
1208 4808 1320 4880 pariter,
1337 4815 1421 4865 testes
1435 4809 1545 4866 virtutis
1559 4811 1695 4879 habendi,

1028 4894 1086 4950 lloc
1100 4895 1182 4952 etiam
1199 4896 1376 4969 speculantur
1390 4914 1460 4970 opus
1476 4915 1484 4955 ε
1500 4899 1636 4970 Procede,
1652 4907 1738 4959 vocet
1750 4908 1784 4968 te,

1025 4983 1104 5040 bliles
1119 4985 1167 5052 ait,
1185 4987 1312 5055 hlamma,
1326 5002 1441 5058 preses,
1456 4995 1483 5045 te
1502 5004 1617 5046 cernere
1633 4989 1736 5062 qnaerit

1028 5070 1089 5142 Quo
1098 5074 1203 5143 iussam
1219 5082 1349 5148 carpente
1371 5075 1453 5150 viam,
1476 5077 1580 5150 petiere
1593 5093 1734 5152 supernas

1032 5162 1148 5236 Fulgida
1163 5164 1293 5220 continuo
1313 5173 1473 5222 sanctorum
1500 5165 1584 5222 millia
1599 5167 1695 5223 sedes.

1027 5250 1095 5321 Quis
1111 5251 1245 5309 dubitabit
1259 5254 1330 5310 enim
1345 5253 1420 5311 cives
1435 5269 1488 5326 pro
1502 5255 1561 5311 cive
1575 5255 1675 5313 beatos

1027 5341 1182 5398 Advenisse
1192 5358 1241 5399 suo
1258 5343 1356 5399 solatia
1369 5351 1463 5400 sancta
1478 5343 1622 5400 terentes?

1028 5431 1106 5487 llunc
1119 5432 1153 5486 ad
1168 5440 1242 5488 certe
1257 5449 1313 5488 sure
1337 5441 1531 5506 properantem
1556 5434 1674 5504 praemia
1690 5434 1787 5508 palmea

1028 5518 1089 5574 Non
1106 5518 1241 5593 linquunt,
1259 5521 1307 5578 sed
1322 5529 1396 5579 stare
1410 5530 1523 5579 monent
1538 5523 1678 5579 occultius
1686 5524 1786 5596 ipsum,

1030 5607 1168 5668 Victorem
1182 5610 1270 5668 sancti
1282 5610 1384 5669 ducant
1402 5619 1432 5669 ut
1447 5612 1483 5668 ad
1502 5611 1589 5669 ardna
1606 5612 1696 5669 cives.
