3772 6112
115 271 169 323 3⁰9
564 270 699 328 Glossn
718 271 925 328 utrumnum.
944 301 978 313 -
990 272 1123 334 EVANG.
1140 278 1272 335 ΜΛΤΤΙΙ.
1711 283 1763 338 310

156 393 226 464 lloqo
241 397 279 449 te.
295 393 458 450 Dumdicit:
469 396 538 466 Repo
554 398 590 464 te,
604 395 671 451 trube
682 411 726 452 me
741 400 920 462 excusatum,
937 393 1207 470 Aeomporstiouem
1222 400 1370 476 subjungit.
1389 403 1537 476 computat
1551 408 1690 478 sumptus.
1715 406 1763 462 llle

117 479 260 562 humilitas
275 490 355 562 sonat
369 483 397 536 in
412 498 479 538 voce
494 483 559 536 dum
574 483 667 539 venire
691 485 853 554 contemnit,
871 500 918 538 su·
968 473 1107 561 cumputat
1132 499 1271 560 sumptus,
1295 491 1340 562 qui
1360 491 1490 547 disceruit
1513 508 1574 548 esse
1598 494 1764 566 erogandam

117 551 215 620 Pesbffi
229 568 258 605 ¹¹¹
271 560 389 608 namne·
968 578 1148 651 temporalem
1162 579 1323 648 pecuniam,
1350 588 1376 634 et
1391 595 1439 635 cor
1453 582 1631 636 avertendum
1645 596 1660 636 a
1683 581 1762 652 eupi-

155 665 243 722 l'sns.
269 669 312 722 lll.
329 697 363 706 -
378 668 448 738 lupo
471 668 561 724 bourn.
588 666 714 740 Quinque
735 669 802 742 juga
824 669 915 735 11111,
967 667 1096 723 ditatibus
1120 666 1227 735 mundi,
1254 675 1280 721 et
1303 667 1422 723 animam
1441 669 1649 740 praeparandam
1668 679 1764 726 eontra

117 753 240 825 quinque
251 754 375 826 eorporis
385 770 492 824 sensus,
504 756 550 827 qui
561 765 634 812 recte
646 759 713 829 juga
723 757 861 825 dicuntur,
872 756 917 828 qui
967 756 1085 811 adversa
1099 754 1202 809 mundi.

117 842 146 897 in
161 850 277 914 utroque
300 859 366 899 sexu
390 843 582 916 geminantur;
599 846 644 917 qui
668 845 795 917 quoniam
808 861 863 901 non
873 845 917 899 in·
1001 843 1282 900 versib-Omnes
1292 846 1340 917 qui
1350 844 1455 901 utdcnt.
1468 845 1543 901 Sicut
1553 845 1590 902 ait
1600 845 1758 919 Apostolus:

117 939 205 998 terna,
217 931 267 986 sed
276 930 335 987 sola
345 931 479 986 exteriora
489 941 660 1006 cognoscunt
670 941 696 989 et
705 943 829 1007 tangunt,
843 940 918 990 recte
966 935 1046 990 Fuctz'
1056 949 1154 988 sumus
1164 934 1355 1005 spectaculum
1365 933 1470 990 mrcudo
1480 936 1589 1006 onpclts
1599 938 1627 992 et
1638 935 1762 993 bomiul-

119 1034 169 1090 per
184 1035 233 1075 eos
248 1019 390 1075 curiositas
404 1019 573 1094 designatur,
590 1022 731 1092 quaedum
746 1022 865 1077 exterius
880 1022 918 1076 in·
967 1021 1049 1076 nibus
1073 1022 1110 1091 (lt
1119 1022 1179 1076 Cor.
1192 1021 1244 1090 tv.)
1263 1029 1291 1075 et
1306 1021 1417 1077 inomni
1438 1022 1511 1093 quod
1521 1022 1643 1095 agimus,
1669 1024 1762 1080 oonsi-

119 1109 237 1180 sestigat
258 1107 342 1164 vitam
355 1107 481 1179 proximi,
494 1109 642 1164 sueintima
655 1110 752 1166 nescit.
768 1111 804 1165 Et
816 1109 918 1165 curiosi
967 1108 1067 1165 derare
1082 1108 1204 1165 occultos
1227 1109 1400 1165 adversarios
1422 1110 1564 1177 debemuS,
1591 1112 1637 1184 qui
1664 1113 1765 1167 nostris

121 1195 226 1250 animus
241 1204 342 1267 quanto
356 1203 397 1251 est
411 1196 516 1266 peritus
530 1196 619 1267 alieni,
636 1206 710 1253 tanto
732 1199 844 1272 ignarus
864 1198 916 1253 sui.
967 1196 1097 1269 operibus
1111 1195 1290 1265 insidiantur,
1317 1206 1344 1252 et
1365 1197 1417 1252 nisi
1437 1208 1531 1254 contra
1546 1214 1594 1256 eos
1607 1198 1763 1272 vigilemus,

121 1283 177 1339 Nec
191 1283 350 1354 discrepant
365 1285 448 1339 verba
464 1286 617 1341 excusantis
632 1301 647 1339 1
662 1284 861 1359 significatione
876 1287 919 1342 sui
966 1285 1084 1356 patimur
1097 1284 1224 1340 irrisores
1240 1300 1308 1357 quos
1322 1286 1455 1342 hebemus
1469 1286 1505 1343 ad
1514 1287 1614 1342 malum
1624 1304 1761 1344 suasores.

122 1369 185 1440 vitii,
211 1370 278 1426 dum
292 1371 376 1428 dicit:
389 1374 426 1428 lio
438 1373 556 1445 proburc
579 1374 641 1429 stra.
659 1372 730 1441 Quia
743 1373 868 1446 probatio
882 1374 918 1429 ad
1002 1399 1088 1455 vm,
1104 1402 1148 1455 31·

122 1458 304 1516 curiositatem
319 1459 389 1515 solet
403 1461 551 1531 pertinere.

1160 1401 1261 1455 -Aut
1275 1401 1351 1472 quis,
1369 1407 1421 1456 etc.
1438 1400 1501 1455 Post
1512 1400 1713 1457 similitudinem
1728 1402 1763 1458 de

967 1495 1042 1543 turre
1063 1486 1236 1554 edificanda,
1269 1488 1396 1559 supponit
1418 1487 1620 1545 similitudinem
1652 1490 1763 1558 majoris

153 1574 240 1630 Vens.
249 1577 295 1633 20.
307 1605 342 1616 -
354 1577 472 1634 Uxorem
482 1575 564 1632 duaci.
577 1575 646 1645 Quia
656 1576 731 1631 muili
742 1592 796 1631 non
805 1584 918 1648 propter
966 1575 1017 1642 rei,
1032 1575 1067 1631 de
1082 1591 1147 1648 rege
1160 1583 1325 1646 pugnaturo.
1337 1576 1368 1630 ln
1377 1591 1431 1648 quo
1446 1576 1597 1632 ostenditur
1606 1592 1655 1648 per
1668 1578 1764 1648 imple-

123 1662 329 1733 lecunditatcm,
355 1664 404 1719 sed
425 1671 539 1736 propter
561 1663 697 1720 desideria
712 1664 802 1720 carnis
817 1680 918 1720 uxores
967 1663 1069 1719 tionem
1082 1662 1295 1734 precedentium
1320 1663 1508 1719 mandatorum
1532 1664 1635 1720 nullum
1650 1666 1685 1720 ad
1700 1665 1763 1737 glo·

123 1749 239 1818 ducunt‚
256 1751 319 1808 ideo
333 1768 452 1822 perram
465 1748 955 1826 istamcarnisvoluptasdesignn·B
969 1751 1037 1806 riam
1051 1767 1133 1822 posse
1148 1751 1322 1824 pertingere,
1347 1751 1399 1806 nisi
1415 1752 1502 1807 severi
1515 1752 1616 1821 jndicis
1630 1755 1762 1809 sententia

122 1846 175 1908 tur,
192 1847 307 1911 propter
322 1856 402 1912 quam
417 1840 453 1895 ad
467 1855 564 1896 coenan
579 1840 629 1896 Dei
643 1839 800 1897 fastidiosus
822 1842 916 1898 venire

123 1934 238 1984 recusat.
735 1978 737 1981 ,

153 2017 240 2071 Vsus.
256 2019 302 2072 22.
313 2046 348 2056 -
358 2017 476 2073 Factum
489 2021 546 2084 est,
564 2023 616 2073 etc.
633 2017 731 2073 llultos
742 2016 811 2073 tales
827 2033 860 2073 ex
870 2017 917 2072 Ju-

119 2101 183 2160 daeis
206 2104 243 2158 ad
266 2119 371 2160 coenam
395 2112 469 2159 tuam
494 2104 674 2178 collegimus,
698 2105 747 2160 sed
765 2105 916 2162 istilocum

116 2191 234 2248 convivii
249 2192 288 2247 tui
311 2207 366 2248 non
388 2191 518 2264 implent,
543 2201 669 2264 superest
692 2193 768 2250 locus
783 2193 830 2248 ubi
845 2208 916 2265 gen-

115 2280 182 2337 tium
198 2279 382 2336 numerositas
396 2280 568 2352 suscipiatur.

149 2399 240 2454 Vens.
256 2400 301 2455 2³.
317 2429 351 2439 -
367 2400 423 2455 Est
436 2399 469 2454 iu
479 2399 538 2455 cios
553 2403 677 2472 etsepea,
696 2405 748 2454 etc.
759 2398 829 2454 Nota
842 2397 916 2470 quod

110 2484 141 2542 in
165 2487 220 2543 hac
243 2485 323 2541 tertia
345 2485 502 2542 invitatione
525 2501 579 2541 non
603 2486 703 2542 dicitur
720 2504 727 2541 ε
743 2487 843 2554 111111,
867 2485 916 2542 sed

112 2574 258 2646 Compelle
272 2574 384 2629 intrare.
401 2572 454 2643 Qui
469 2575 539 2630 enirn
554 2574 741 2644 hujusmundi
762 2573 915 2630 adversita·

112 2664 189 2719 tibus
203 2662 283 2719 tracti
306 2663 341 2718 ad
365 2662 415 2718 Dei
429 2678 550 2718 amorem
565 2663 695 2730 redeunt,
713 2671 795 2734 atque
810 2677 826 2718 a
841 2677 915 2732 prae-

112 2752 203 2809 sentis
216 2750 280 2807 vitae
294 2750 439 2807 desideriis
454 2751 639 2824 corriguntur,
655 2750 763 2805 illinon
778 2749 829 2805 nisi
844 2765 916 2805 conr·

112 2840 188 2912 pulsi
211 2840 322 2894 intrant.
346 2838 461 2907 Quidam
486 2847 575 2894 autem
599 2846 771 2895 vocanturet
791 2846 916 2894 contem-

112 2936 200 2998 nunt,
227 2928 274 3000 qui
288 2929 400 2983 domum
415 2928 569 2984 intellectus
592 2927 742 2998 accipiunt,
759 2926 809 2982 sed
828 2942 913 2997 opere

113 3033 172 3073 non
185 3017 311 3088 implent.
328 3014 445 3085 Quidam
459 3024 591 3071 vocantur
605 3023 632 3070 et
645 3015 774 3082 veniunt,
796 3014 841 3086 qui
858 3029 909 3070 ac·

965 1847 1134 1911 temperetur
1156 1854 1208 1910 per
1229 1838 1498 1895 misericordiamln
1520 1849 1668 1911 conspectu
1689 1841 1760 1896 euim

966 1927 1016 1984 Dei
1031 1927 1119 1982 omnis
1134 1927 1225 1983 homo.
1238 1925 1423 1998 imperfectus.
1439 1929 1468 1985 st
1480 1929 1578 2000 possit.
1599 1927 1685 1997 Quasi
1700 1945 1761 1985 clun

966 2015 1061 2072 decem
1075 2014 1195 2070 millibus
1205 2015 1322 2071 occurrit
1331 2016 1400 2079 Deo,
1412 2015 1458 2087 qui
1472 2014 1553 2070 ottert
1567 2031 1652 2086 opera
1665 2017 1762 2072 decem

966 2104 1153 2159 mandatorum
1179 2119 1240 2174 quae
1263 2103 1383 2159 exterius
1407 2103 1501 2175 gessit.
1527 2104 1582 2160 Sed
1597 2104 1672 2159 Deus
1687 2106 1763 2175 quasi

965 2208 1028 2248 curn
1051 2191 1187 2262 duplicato
1209 2205 1324 2247 numero
1346 2192 1523 2261 contravenit,
1549 2207 1611 2247 cum
1626 2193 1670 2248 vix
1685 2192 1761 2248 illum

965 2288 1148 2351 preparatum
1172 2279 1200 2334 in
1223 2279 1285 2351 solo
1297 2294 1394 2350 opere,
1411 2279 1520 2335 discutit
1533 2280 1614 2335 simul
1628 2281 1664 2337 de
1678 2296 1762 2352 opere

966 2375 992 2423 et
1002 2367 1176 2441 cogitatione.
1188 2368 1223 2422 Et
1237 2367 1309 2434 ideo,
1322 2366 1385 2422 dum
1396 2367 1486 2423 adhuc
1495 2366 1578 2440 longe
1589 2376 1630 2423 est
1639 2385 1688 2439 per
1697 2369 1764 2425 dila·

966 2456 1066 2511 tionem
1077 2455 1187 2525 Judicii,
1203 2470 1254 2510 nos
1269 2454 1422 2526 fragilitatis
1432 2455 1762 2512 nostraeinsuldcientiam

965 2542 1154 2609 attendentes,
1178 2543 1212 2598 ad
1235 2541 1434 2612 impetrandam
1449 2541 1537 2598 severi
1548 2542 1648 2612 judicis
1666 2558 1761 2614 pacem

966 2632 1098 2688 debemus
1111 2631 1276 2702 praemittere
1288 2630 1453 2703 legationem
1467 2629 1659 2700 lacrymarum,
1672 2631 1761 2689 bono·

966 2735 1026 2776 rum
1040 2735 1162 2790 operum,
1178 2719 1286 2790 piorum
1305 2717 1440 2774 affectum.

1002 2834 1183 2890 11111523.-
1201 2833 1246 2889 Sic
1265 2849 1342 2904 erpo,
1359 2839 1411 2887 etc.
1428 2830 1512 2886 lnlert
1526 2846 1542 2885 a
1557 2833 1705 2903 promissis
1720 2832 1760 2887 si-

965 2921 1173 2976 militudinibus.
1190 2918 1418 2992 Quandoquidem
1442 2934 1496 2975 non
1511 2920 1580 2976 bene
1593 2927 1682 2992 potest
1695 2920 1761 2976 aedi-

965 3008 1048 3066 ficare
1061 3009 1107 3081 qui
1122 3025 1176 3065 non
1191 3017 1326 3080 computat
1341 3017 1474 3080 sumptus,
1490 3024 1541 3063 noc
1557 3023 1653 3065 secure
1672 3016 1761 3079 potest

928 3101 1111 3164 Coccurrere
1131 3097 1240 3170 quinon
1262 3096 1400 3168 praemittit
1415 3096 1594 3170 legationem,
1619 3112 1688 3170 ergo
1710 3112 1761 3153 nee

966 3202 1042 3242 meus
1056 3193 1146 3258 potest
1168 3201 1230 3240 esse
1253 3184 1403 3255 discipulus
1419 3185 1464 3256 qui
1480 3199 1533 3240 non
1549 3184 1683 3241 renuntiat
1696 3199 1759 3241 onr-

965 3275 1055 3330 uibus.

114 3114 226 3177 ceptam
241 3103 447 3177 intelligentiam
463 3119 547 3174 opere
565 3102 723 3174 adimplent.

151 3221 240 3276 Vens.
252 3223 297 3278 25.
308 3249 343 3259 -
354 3219 436 3276 ltuut
451 3223 548 3275 cutem
565 3218 666 3285 turbu,
679 3227 730 3274 etc.
742 3218 841 3274 Turne
856 3234 918 3291 quas

115 3316 269 3382 sequuntur
277 3297 371 3364 lesum
380 3307 433 3362 iter
442 3305 584 3363 facientem
594 3306 623 3361 in
632 3306 796 3374 Jerusalem,
808 3305 919 3379 signant

114 3398 223 3469 eosqui
238 3397 272 3451 ad
294 3411 401 3454 coenam
415 3395 521 3450 invitati
543 3395 587 3451 vel
602 3394 736 3466 compulsi
750 3395 862 3450 veniunt
877 3402 913 3460 et,
1000 3376 1085 3431 Vffl·
1102 3376 1145 3430 ³⁴·
1157 3405 1192 3416 ··
1202 3377 1320 3431 fimum·
1332 3375 1404 3430 Vere
1419 3376 1465 3447 ‘lui
1475 3376 1618 3432 Wllmellss
1634 3376 1761 3433 θὸὃθᾶὶθ·

114 3493 171 3541 tota
194 3485 344 3541 intentione
367 3484 459 3538 lesum
481 3483 639 3552 imitantur,
663 3483 864 3555 praecedentem
880 3481 914 3537 ad
964 3464 1070 3535 cil³¹¹¹¹¹⁵
1093 3471 1202 3534 ΟΡΟΓῑθῑ
1217 3471 1246 3517 Πῑ
1259 3463 1397 3518 renuntiet
1420 3465 1547 3519 Omniblss
1571 3465 1636 3536 (luia
1655 3465 1762 3522 1119111

112 3583 226 3630 aeterna
234 3573 310 3644 pacis
321 3570 462 3627 visionem.
474 3572 531 3627 llos
545 3587 611 3644 ergo
626 3570 734 3626 instruit
744 3571 790 3642 qui
805 3571 913 3626 sincero
964 3551 1064 3608 b⁰¹¹1¹¹¹¹
1080 3553 1130 3620 ⁵²¹¹,
1147 3553 1174 3607 id
1189 3559 1231 3607 0⁸²
1245 3552 1345 3625 dignus
1360 3552 1487 3608 ⁰⁰¹¹Sffl¹¹i
1502 3554 1529 3607 5¹¹
1544 3570 1658 3610 flumem
1673 3569 1759 3625 α1108·

113 3677 208 3717 more
233 3661 346 3732 patriam
371 3660 445 3714 pum
459 3660 575 3715 debeant
589 3666 734 3731 appetere,
764 3666 791 3712 gc
804 3673 855 3729 pro
870 3666 914 3713 eac
963 3641 1089 3708 tolonum,
1115 3640 1151 3695 ad
1174 3639 1327 3697 condienda
1341 3639 1426 3696 corda
1440 3640 1592 3695 auditorum
1608 3642 1759 3713 spiritualia

115 3749 235 3806 carnalis
249 3748 357 3820 pictatis
370 3745 511 3804 affectibus
526 3748 692 3803 renuntiare.
963 3728 1104 3800 sapientia·

149 3839 238 3894 Vsus.
253 3841 299 3894 26.
315 3867 350 3877 -
365 3837 470 3909 Siquis
485 3837 571 3892 uenit.
585 3835 669 3890 Simul
683 3843 710 3891 et
720 3835 812 3890 odisse
826 3841 853 3889 et
867 3832 912 3888 di·
997 3826 1082 3882 Vens.
1093 3828 1136 3879 35.
1148 3825 1284 3898 —Neque
1299 3825 1330 3879 iu
1340 3826 1563 3898 sterqulutlium.
1580 3825 1626 3880 Sol
1636 3826 1756 3881 sterilem

115 3927 204 4001 ligere
228 3940 374 3997 possumus
391 3942 397 3978 :
415 3931 443 3978 ut
465 3932 492 3978 et
515 3924 671 3996 cognitione
695 3923 868 3992 conjunctos,
885 3930 912 3978 et
961 3913 1026 3971 lacit
1050 3921 1161 3968 terram.
1186 3912 1263 3970 Unde
1287 3912 1326 3967 ira
1349 3911 1483 3969 victorum
1506 3913 1660 3969 destructas
1674 3914 1758 3970 nrbes

113 4016 206 4071 divino
217 4021 354 4086 praecepto
365 4011 522 4085 diligamus,
535 4020 560 4066 et
571 4028 639 4083 quos
649 4010 821 4066 adversarius
831 4011 858 4064 iu
870 4011 911 4067 via
962 4002 1020 4058 sale
1029 4000 1189 4070 seminabat,
1198 4016 1232 4056 ne
1240 3998 1313 4056 ineis
1323 4016 1437 4073 germen
1447 4001 1575 4056 oriretur.
1585 4002 1623 4056 lte
1629 4001 1755 4074 apostoli,

113 4105 164 4160 Dei
179 4103 312 4174 patimur,
323 4099 441 4155 odiendo
456 4109 482 4154 et
492 4098 621 4172 fugiendo
631 4099 908 4155 nesciemusrldlruc.
962 4091 1100 4145 deslffltw
1114 4087 1219 4160 peccati
1235 4103 1336 4161 Γῡεῦθ,
1359 4104 1474 4163 germen
1488 4089 1613 4145 viliorum
1629 4104 1756 4161 compes·

114 4192 190 4247 Tunc
202 4191 275 4245 bene
289 4189 406 4245 animam
421 4187 608 4254 odimus,cum
623 4189 682 4257 ejus
693 4187 846 4244 carnalibus
859 4187 910 4240 de·
961 4186 1035 4234 eunt·
1061 4177 1106 4233 Sul
1129 4177 1205 4232 cibos
1230 4177 1336 4247 condit,
1356 4192 1456 4234 carnes
1471 4176 1549 4234 sicat.
1563 4176 1725 4234 Praedicttio
1740 4192 1757 4231 ι

115 4278 226 4334 uiucuiis
240 4293 296 4332 ucu
310 4276 520 4348 acquiescimus,
546 4276 596 4331 scd
610 4275 778 4331 reluctamur
792 4283 819 4329 cr
832 4274 910 4329 scan-
960 4266 1097 4321 vermibus
1119 4273 1146 4320 et
1166 4265 1308 4335 putredine
1322 4265 1449 4320 vitiorum
1463 4265 1576 4320 illmsam
1597 4271 1688 4320 servat
1707 4280 1758 4319 suo

113 4367 215 4439 gimus.

149 4455 297 4511 1111521.
314 4455 396 4508 -Et
419 4455 468 4526 qui
491 4469 548 4509 nou
569 4453 686 4524 bajulat.
713 4452 783 4506 Crux
804 4451 948 4513 duotusD

112 4543 202 4600 modis
226 4541 363 4612 bajulatur
383 4559 390 4606 ;
413 4556 474 4596 cum
498 4541 541 4594 vel
563 4557 615 4611 per
637 4539 826 4595 abstinentiam
845 4554 910 4595 caro

112 4631 242 4703 aflicitur,
269 4630 312 4685 vel
336 4645 386 4701 per
402 4628 619 4699 compassionem
643 4626 758 4699 proximi
782 4626 911 4700 affligitur

113 4721 230 4774 animus.
247 4721 281 4773 Et
295 4719 359 4773 oeni
372 4721 434 4789 post
448 4733 502 4772 mc.
528 4716 634 4788 Aliquis
658 4716 730 4770 enim
745 4730 856 4770 carnem
871 4715 910 4769 la-

113 4817 187 4863 cerat
200 4822 252 4877 pro
268 4805 339 4859 inani
354 4805 455 4878 gloria,
482 4805 525 4860 vel
538 4805 662 4876 proximo
678 4803 822 4860 carnaliter
836 4819 910 4858 com-

113 4897 214 4967 patitur
227 4903 257 4949 ut
277 4892 365 4965 eulpae
388 4893 490 4958 toneat,
514 4893 560 4948 hic
579 4908 690 4949 crucem
705 4891 779 4947 terre
793 4892 908 4958 ridetur,

112 4983 161 5039 sed
175 4985 264 5039 Deum
278 4997 334 5037 non
348 4980 480 5051 sequitur.

148 5102 234 5156 vens.
250 5103 294 5157 28.
311 5129 345 5137 -
361 5098 427 5165 Quis
442 5100 518 5153 cuine
533 5115 570 5154 cc
585 5099 667 5154 uobis.
693 5098 840 5170 Postquam
855 5098 910 5152 Do·

961 4351 1084 4408 Creatori
1099 4354 1245 4408 humanam
1264 4361 1400 4408 naturam.

1280 4519 1393 4576 CAPUT
1410 4520 1471 4573 XV.

998 4662 1082 4716 l'nns.
1100 4663 1125 4715 t.
1142 4690 1176 4699 -—
1194 4661 1291 4731 Quies
1306 4659 1388 4726 uobis,
1405 4666 1456 4715 etc.
1473 4659 1614 4716 Didicerss
1628 4661 1656 4717 in
1671 4681 1755 4735 supe·

962 4749 1079 4804 rioribus
1090 4749 1226 4821 abnegare
1241 4746 1446 4820 negligentiam,
1459 4749 1544 4804 vitare
1559 4752 1754 4823 arrogantiam,

961 4836 1133 4892 devotionem
1144 4852 1261 4904 sumere,
1283 4835 1460 4892 saectrlaribus
1471 4837 1693 4908 occupationibus
1703 4858 1758 4896 non

961 4925 1065 4992 teneri,
1091 4925 1196 4980 caduca
1219 4941 1274 4978 non
1295 4923 1427 4995 praelerre
1451 4926 1597 4996 perpetuis.
1623 4927 1676 4983 Sed
1693 4929 1757 5001 quia

960 5011 1095 5085 lrngilites
1119 5012 1236 5067 bumana
1259 5010 1366 5066 firmum
1390 5013 1482 5087 nequit
1507 5014 1533 5068 in
1566 5023 1641 5071 tanto
1665 5018 1757 5074 saeculi

960 5099 1067 5155 lubrico
1090 5108 1184 5155 tenere
1208 5101 1372 5172 vestigium,
1389 5101 1468 5155 etiam
1483 5100 1614 5157 adsersus
1634 5120 1755 5160 errorem

113 5190 203 5244 nunus
218 5186 395 5259 sequentibus
419 5202 448 5241 so
473 5187 498 5239 in
522 5186 670 5241 Jerusalem
694 5187 769 5240 dedit
784 5185 911 5241 sublimia
960 5187 1111 5242 remedium
1136 5187 1172 5242 ibi
1186 5188 1309 5244 medicus
1324 5189 1508 5255 demonstrat,
1536 5191 1639 5248 scilicet
1653 5234 1659 5261 ,
1673 5195 1756 5263 judex

113 5285 249 5349 praecepta
263 5275 298 5331 de
313 5280 469 5345 contemptu
480 5274 583 5341 mundi,
600 5282 627 5328 et
637 5275 671 5328 tle
687 5275 838 5344 abjectione
849 5291 910 5330 cor·
961 5292 1037 5347 spem
1052 5275 1138 5332 veniae
1162 5292 1216 5331 non
1231 5286 1323 5351 negat.
1342 5279 1460 5333 Centum
1484 5296 1555 5334 oues.
1578 5279 1646 5349 Quia
1662 5293 1757 5338 eonte-

112 5367 201 5437 poris,
228 5362 357 5435 supponit
380 5371 544 5433 praeceptum
569 5360 603 5416 cle
627 5363 848 5433 perseverantia,
875 5362 910 5416 ad
960 5364 1051 5417 narius
1065 5379 1195 5419 numerus
1205 5365 1343 5434 perlectus
1358 5375 1409 5421 est.
1427 5367 1501 5420 Deus
1517 5377 1625 5424 centurn
1640 5387 1716 5435 oves,
1728 5371 1755 5425 id

113 5471 191 5525 qnam
215 5450 430 5507 necessariaest
453 5451 677 5505 crrmlrumilitatc
706 5451 850 5521 patientia.
874 5450 908 5505 Et
961 5461 1002 5506 est
1017 5452 1167 5521 perlectum
1184 5470 1327 5508 nnmerum
1342 5454 1446 5523 hebuit,
1463 5472 1524 5510 curn
1544 5458 1705 5530 angelorum
1730 5468 1756 5513 et

114 5543 162 5600 boc
176 5558 228 5614 per
242 5540 331 5595 simile
354 5537 522 5594 {edificentia
552 5541 662 5595 Turrim
680 5538 832 5608 edificare}
842 5538 910 5608 Quia
960 5539 1099 5594 hominum
1110 5540 1287 5595 substantiam
1297 5543 1414 5609 crearit,
1427 5544 1475 5598 sed
1486 5559 1538 5598 una
1548 5545 1636 5615 periit,
1650 5548 1758 5616 quando

113 5630 236 5686 sublimia
264 5635 400 5704 praecepta
424 5626 516 5696 dedit,
541 5627 706 5684 aedificanda·
739 5627 910 5682 sublimitatis
960 5629 1042 5684 horno
1057 5629 1235 5700 pascuarium
1258 5631 1398 5700 peccando
1423 5631 1566 5703 dereliquit
1585 5652 1590 5685 ε
1608 5651 1675 5709 ergo
1695 5636 1757 5709 quin
