3772 6112
1030 56 1047 89 0

80 217 147 273 root
375 294 380 303 ,
662 219 1238 282 vitas.Gal.1labballs.-L11a1.
1657 231 1727 290 roos

79 342 170 413 Quam
185 350 214 399 ut
228 341 271 400 vir
284 351 395 400 sanctus
409 343 536 417 perlegit,
552 342 618 401 dixit
638 344 691 401 illis
709 364 715 400 :
731 345 793 419 Ego
818 344 879 418 qui-
892 346 993 408 Avino
1008 348 1114 421 plenos,
1129 357 1155 405 et
1163 356 1257 407 ternos
1271 348 1367 406 farine
1388 350 1494 407 modios
1509 352 1545 408 ob
1560 368 1616 409 snae
1628 352 1727 414 'devo-

82 432 156 502 dem,
173 449 189 489 o
204 432 312 501 iratres,
329 433 413 491 verba
424 433 565 504 Prophetae
580 434 692 506 cupiens
713 434 815 490 imitari
842 434 883 490 di·
933 437 1014 494 tionis
1028 439 1170 496 indicium.
1190 439 1372 509 Quibuscum
1386 440 1535 513 gratiarum
1545 443 1650 500 actione
1665 460 1727 501 sus-

82 522 187 579 centis:
203 523 367 579 detruncas
377 525 472 595 foetus
486 539 551 579 sam
560 525 699 594 fratribus
709 524 789 590 meis,
799 527 827 579 et
836 539 884 595 pe·
934 527 1019 598 ceptis
1034 527 1125 583 cibum
1135 536 1319 599 sumpserunt,
1334 536 1362 585 et
1374 537 1436 601 post
1454 530 1577 601 corporis
1598 531 1727 591 resectio-

82 612 215 683 regrt'nas
229 611 299 682 filiis
318 611 421 667 matris
435 627 505 667 mete
520 610 885 683 (Psol.nnv111‚9),deserui
934 632 1006 684 nem,
1022 617 1149 688 spiritalis
1157 617 1284 691 colloquii
1298 617 1413 687 dapibus
1422 618 1527 674 animas
1537 634 1601 675 suas
1615 636 1729 692 pascere

83 707 165 755 notos
178 716 256 755 meos
280 707 307 755 ct
329 700 508 772 propinquos,
535 707 561 756 et
580 707 609 755 ut
631 700 743 755 liberius
767 699 885 756 Domino
935 705 1103 762 studuerunt.
1124 705 1243 762 Detinuit
1266 714 1354 762 autem
1376 721 1424 762 eos
1444 706 1540 763 beatus
1559 708 1654 766 Gallus
1678 711 1729 767 ali·

81 803 194 860 possem
209 803 319 858 vacare,
336 788 490 845 solitudinis
505 787 577 862 elegi
592 797 716 856 secreta;
733 796 815 861 utque
831 804 884 860 pa·
935 794 1042 866 quantis
1066 810 1158 851 secum
1181 795 1286 862 diebus,
1310 803 1337 850 et
1366 795 1503 851 charitatis
1527 795 1624 852 intuitu
1654 800 1729 858 omni

82 885 192 933 rentum
207 885 234 933 et
247 877 413 949 praediorum
428 877 614 933 dimissionem
642 885 811 950 praeteream,
822 877 883 950 epi·
935 883 1108 939 humanitatis
1135 883 1201 939 fovit
1231 883 1372 956 obsequio.
1403 885 1530 940 Narravit
1558 902 1667 959 quoque
1696 889 1730 947 de

82 975 217 1038 scopatus
234 967 367 1022 honorem
379 974 405 1021 et
425 965 533 1022 divitias
556 967 651 1022 mundi
670 966 810 1038 suscipere
831 981 886 1022 non
936 973 1071 1028 communi
1090 973 1179 1042 Patre,
1203 972 1284 1028 beato
1305 972 1430 1029 videlicet
1453 972 1632 1042 Columbano,
1657 978 1731 1050 quod

87 1056 226 1113 consensi.
243 1057 277 1111 Et
291 1071 345 1128 quo
360 1063 440 1126 pacto
457 1056 600 1127 posthanc
614 1056 846 1112 renuntiationem
861 1063 888 1111 et
936 1068 1008 1117 certa
1022 1060 1153 1116 relatione
1167 1060 1307 1117 didicerat.
1320 1061 1424 1117 Deinde
1434 1062 1529 1119 osculo
1539 1064 1615 1135 pacis
1629 1065 1730 1139 oblato,

85 1143 269 1201 voluntariam
291 1152 480 1215 paupertatem
497 1145 588 1200 saeculi
611 1144 774 1216 implicabor
797 1159 887 1217 nego·
937 1148 1039 1205 dimisit
1054 1165 1121 1217 eos;
1137 1159 1163 1205 et
1175 1149 1214 1204 itti
1229 1149 1418 1207 benedictione
1441 1150 1508 1208 tanti
1528 1151 1614 1209 Patris
1635 1156 1732 1213 annati

85 1233 140 1302 tiis,
157 1233 298 1289 exaltabor
312 1233 471 1299 honoribus,
496 1234 665 1304 ponderibus
688 1232 889 1307 aggravabor?
936 1238 969 1294 ad
983 1246 1206 1296 snaremearunt.

86 1322 176 1389 absit,
189 1322 312 1394 inquam,
328 1330 357 1376 ut
371 1322 418 1395 qui
428 1337 539 1377 manum
549 1322 576 1377 in
586 1331 705 1377 aratrum
713 1321 784 1387 misi,
793 1321 888 1378 oculos

86 1411 122 1466 ad
137 1410 235 1467 relicta
258 1418 443 1483 retorqueam,
468 1418 495 1467 et
516 1411 586 1467 sicut
610 1410 687 1467 canis
710 1418 833 1468 revertar
855 1410 888 1466 ad
1221 1383 1334 1440 CAPUT
1343 1384 1446 1441 XXIX·

87 1501 231 1556 vomitum.
246 1500 328 1556 Scitis
343 1499 396 1571 ipsi
410 1517 454 1556 me
468 1500 539 1555 inter
553 1516 603 1556 vos
616 1500 734 1572 positum
744 1497 890 1556 humilitati
940 1499 1078 1567 Quomodo
1097 1500 1297 1555 sanctissimas
1322 1503 1407 1558 Pater
1431 1503 1509 1557 inter
1535 1501 1732 1570 edificationis

88 1605 201 1662 semper
224 1589 334 1645 dedisse
364 1604 475 1661 operam
506 1597 532 1644 ct
564 1589 743 1660 subjectioni:
769 1597 796 1645 et
818 1603 889 1661 quo-
990 1570 1318 1643 “udi‘lallfflrbfflam
1328 1572 1680 1643 'nidfflrussdfflminvm-

89 1679 173 1735 modo
187 1677 299 1735 creditis
314 1678 350 1733 ad
365 1678 431 1732 tanti
445 1677 570 1734 culminis
584 1695 628 1733 me
642 1678 785 1750 provocari
808 1693 929 1769 posseB
974 1677 1033 1732 Nec
1048 1676 1131 1732 multo
1143 1684 1214 1748 post,
1226 1678 1349 1746 cumjam
1360 1678 1496 1735 bonorum
1504 1678 1625 1735 omnium
1634 1682 1736 1738 Auctor

90 1766 234 1841 fastigium
248 1768 263 1822 l
277 1766 409 1822 Innovate
424 1766 547 1836 consilia,
563 1765 694 1822 aliorsum
708 1782 758 1823 vos
771 1765 888 1835 vertite3
940 1772 966 1822 et
980 1766 1148 1838 Propagator
1162 1766 1290 1821 athletam
1306 1783 1383 1822 sunm
1398 1767 1432 1823 de
1442 1769 1634 1841 mundiagone
1645 1769 1737 1825 subla·

87 1855 156 1910 mihi
173 1855 246 1928 quod
261 1855 352 1910 animo
366 1855 452 1910 semel
476 1852 588 1910 infixum
613 1863 663 1922 est,
685 1855 817 1910 Dominus
840 1853 890 1908 im-
940 1862 997 1910 turn
1011 1855 1189 1926 praemiorum
1205 1854 1305 1910 laureis
1318 1854 1400 1912 vellet
1419 1856 1584 1927 perennibus
1592 1858 1736 1925 adornare,

86 1951 194 2000 mutare
220 1959 275 2000 non
297 1944 375 1999 sinet.
398 1945 447 1998 llis
467 1951 494 2000 et
514 1944 647 1999 similibus
670 1943 764 1999 verbis
785 1943 891 1998 animos
940 1943 1112 1998 willimarus
1126 1944 1272 2014 presbyter
1284 1943 1399 2000 veniens
1413 1946 1447 1999 ad
1462 1945 1558 2001 cellam
1572 1945 1624 2003 viri
1638 1945 1736 2014 sancti,

87 2047 185 2089 'eorum
200 2033 235 2088 ab
252 2049 300 2104 spe
315 2031 513 2104 impetrationis
541 2032 622 2101 hujus
646 2032 757 2087 amovit.
777 2030 892 2088 vocavit
941 2031 1047 2104 rogavit
1062 2039 1163 2087 camut
1185 2047 1280 2088 secum
1300 2033 1478 2106 egrederetur
1494 2035 1529 2090 ad
1551 2042 1689 2102 castrum
1712 2043 1740 2091 et

89 2120 189 2177 deinde
204 2138 290 2176 unum
306 2137 321 2177 e
336 2120 478 2188 iratribus,
495 2129 522 2177 et
543 2137 606 2177 eum
628 2120 805 2192 interrogavit
827 2118 893 2192 quid
942 2127 972 2174 ut
986 2120 1121 2176 obtineret
1135 2121 1208 2192 quod
1222 2120 1316 2191 voluit,
1333 2122 1489 2191 hujusmodi
1497 2138 1566 2180 voce
1576 2123 1659 2179 flebili
1675 2139 1741 2196 que·

89 2218 191 2267 essent
206 2218 330 2283 ternpore
354 2210 511 2267 resectionis
536 2211 679 2281 sumpturi.
703 2210 825 2281 Cumque
847 2224 893 2264 re·
943 2209 1086 2266 rimoniam
1100 2209 1250 2264 submissus
1265 2209 1415 2281 explicuit:
1436 2212 1498 2279 Cur,
1511 2212 1645 2283 inquiens,
1661 2213 1739 2269 oPa-

88 2315 221 2371 sponsum
247 2306 319 2355 esset
352 2300 540 2355 tantummodo
564 2298 712 2354 sextarium
735 2297 831 2354 larinae
858 2297 894 2353 ad
944 2306 995 2363 ter,
1008 2315 1062 2367 me,
1079 2298 1126 2370 qui
1140 2306 1248 2354 tuorum
1264 2299 1373 2355 monitis
1388 2299 1522 2355 dictorum
1536 2300 1644 2370 invitor,
1661 2301 1740 2374 qnasi

87 2403 170 2444 usum
184 2388 280 2443 haberi
295 2397 466 2456 cunctorum,
488 2387 570 2458 jussit
585 2387 645 2444 lieri
660 2403 756 2459 panes,
773 2387 868 2443 dicens
884 2403 891 2441 :
944 2387 1103 2458 despectum
1119 2386 1298 2458 dereliquisti,
1315 2395 1341 2444 et
1356 2387 1486 2444 doctrinae
1499 2396 1553 2444 tuae
1576 2390 1739 2448 salutaribus

88 2478 188 2535 Potens
202 2486 244 2533 est
265 2479 338 2533 Dcus
354 2493 454 2550 parare
468 2494 591 2534 mensam
606 2477 633 2531 in
649 2477 768 2533 deserto.
784 2478 894 2532 Etcum
946 2476 1076 2532 institutis
1092 2477 1244 2531 auditorem
1259 2475 1390 2532 fraudasti
1398 2477 1560 2534 benevolum
1573 2478 1587 2533 i
1601 2477 1649 2535 Cui
1670 2479 1741 2537 hano

87 2565 199 2623 lecisset
214 2566 289 2622 olera
303 2565 405 2640 colligi,
422 2565 481 2637 ipse
504 2582 615 2622 sumens
639 2573 698 2621 rete
712 2573 739 2622 et
751 2581 836 2621 unuin
861 2581 895 2621 ex
945 2565 1127 2634 objectionem
1141 2565 1280 2621 ascribere
1287 2563 1400 2637 possim,
1416 2565 1469 2621 nisi
1479 2573 1657 2638 peccatorum
1666 2581 1743 2624 meo·

43 2699 46 2703 .
87 2655 230 2726 discipulis
240 2655 297 2710 suis
312 2671 372 2712 cam
390 2654 518 2710 iratribus
533 2655 578 2727 qui
610 2662 836 2726 supervenerant,
848 2652 896 2710 ivit
946 2670 1006 2708 rum
1021 2653 1153 2709 fetoribus
1170 2658 1181 2709 ‚⁹
1197 2654 1257 2709 Nisi
1272 2655 1345 2710 enim
1359 2655 1415 2710 vita
1438 2669 1499 2710 mea
1513 2663 1560 2712 tuo
1574 2655 1743 2728 disipliceret

90 2743 126 2799 ad
137 2744 284 2817 gurgitem,
311 2744 430 2800 dicens:
455 2743 603 2800 Videamus
626 2752 717 2798 utrum
739 2742 896 2799 misericors
942 2742 1057 2812 jndicio,
1074 2742 1185 2798 amabili
1198 2759 1242 2798 me
1260 2741 1447 2799 aedificationis
1469 2752 1524 2801 tuae
1545 2759 1599 2801 non
1622 2746 1743 2818 privares

89 2832 222 2889 Dominus
237 2832 346 2904 aliquos
357 2831 456 2888 nostris
481 2832 545 2888 velit
569 2831 776 2888 necessitatibus
799 2831 897 2905 largiri
947 2831 1053 2888 solatio.
1069 2832 1148 2888 Nunc
1163 2848 1230 2905 ergo
1245 2831 1301 2887 noli
1312 2848 1363 2888 nos
1376 2848 1428 2904 pro
1441 2833 1561 2905 peccatis
1575 2834 1676 2891 nostris
1691 2835 1742 2891 ab·

90 2921 247 2994 pisciculos.
266 2922 391 2993 Cumque
406 2921 596 2993 pervenissent
612 2921 646 2976 ad
657 2920 803 2995 gurgitem,
819 2919 896 2976 vide·
944 2920 1041 2991 jicere,
1058 2920 1107 2976 sed
1122 2920 1231 2977 Domini
1245 2928 1411 2993 provocatus
1425 2922 1571 2991 mandatis,
1588 2923 1661 2984 nam
1675 2924 1746 2982 veri·

91 3017 154 3065 runt
177 3010 280 3081 piscem
306 3025 437 3083 magnum
461 3011 487 3065 in
508 3025 588 3081 aquae
612 3009 773 3067 collectione
795 3018 895 3065 natan-
947 3008 1010 3065 tatis
1024 3009 1241 3066 desiderantibus
1256 3010 1343 3082 aperi,
1359 3020 1386 3066 et
1400 3011 1486 3068 solitae
1500 3012 1745 3088 nobisbenignita·

90 3106 156 3165 tem,
176 3099 298 3172 duosque
331 3099 406 3154 illurn
438 3099 545 3170 insequi
573 3099 669 3166 lutros,
693 3099 770 3171 quasi
794 3068 931 3170 capereC
948 3098 983 3153 tis
997 3115 1095 3154 munus
1111 3099 1248 3171 impende.
1272 3100 1361 3155 llotus
1383 3100 1465 3174 igitur
1489 3102 1542 3159 hoo
1568 3102 1745 3175 supplicantis

89 3187 240 3261 fugientem
255 3189 387 3244 volentes.
401 3188 529 3243 lmmisso
545 3188 608 3254 reti,
621 3196 729 3258 captum
741 3203 803 3242 eum
814 3195 900 3244 traxe·
948 3187 1067 3260 alloquio
1079 3188 1188 3260 pietatis
1203 3197 1318 3259 amator,
1335 3189 1476 3246 descendit
1490 3205 1552 3246 cum
1560 3191 1616 3259 illo,
1626 3199 1653 3249 et
1663 3208 1746 3251 vene

90 3285 154 3331 runt
169 3277 204 3332 ad
219 3277 302 3332 littus.
318 3277 442 3332 llabebat
472 3284 564 3332 autem
586 3277 615 3330 in
638 3275 808 3348 longitudino
837 3275 900 3348 pal·
947 3285 1010 3332 runt
1028 3277 1057 3332 in
1071 3286 1199 3333 castrum.
1216 3279 1318 3335 Vocata
1341 3287 1430 3334 autem
1452 3280 1626 3337 multitudine
1649 3282 1677 3337 in
1700 3282 1745 3340 die

92 3381 153 3421 mos
169 3366 323 3430 duodecim,
341 3374 367 3421 et
382 3366 409 3419 in
429 3365 573 3421 latitudine
587 3372 711 3436 quatuor.
734 3363 795 3434 Quo
816 3363 896 3433 facto,
948 3366 1072 3435 solemni,
1090 3366 1132 3423 vir
1147 3372 1257 3429 sanctus
1272 3367 1476 3438 predicationis
1489 3369 1633 3427 dulcedine
1647 3371 1745 3428 avido·

90 3453 154 3510 lutri
167 3470 198 3509 se
213 3454 354 3526 profundis
369 3454 549 3527 immergunt.
565 3452 696 3524 Imposito
708 3469 820 3508 rursum
835 3452 896 3520 reti,
947 3470 1006 3509 rum
1021 3454 1199 3525 (auditorum)
1215 3455 1298 3510 corda
1313 3455 1418 3526 reiecit,
1436 3464 1463 3512 et
1475 3466 1551 3515 tanta
1566 3476 1627 3531 quae
1641 3459 1747 3519 dixerat

92 3558 156 3600 cum
172 3543 321 3614 piscatores
336 3543 424 3599 sancti
433 3543 550 3615 piscium
565 3542 684 3599 latebras
700 3541 836 3612 pulsando
852 3540 897 3595 in·
947 3542 1089 3613 sapientiae
1103 3542 1164 3598 lnce
1179 3544 1297 3612 vestivit,
1313 3551 1341 3599 ut
1352 3560 1459 3601 summa
1478 3547 1600 3603 omniurn
1621 3550 1745 3621 gratula-

91 3631 251 3704 quietarent,
274 3633 370 3688 iterato
381 3631 445 3687 lutri
469 3639 666 3704 apparuerunt,
694 3630 809 3703 piscium
833 3637 897 3686 tan-
947 3631 1020 3687 tione
1036 3632 1154 3698 auditus,
1171 3639 1198 3687 et
1218 3630 1301 3703 plena
1323 3639 1485 3689 cunctorum
1508 3636 1683 3694 veneratione
1712 3639 1747 3695 sit

91 3728 146 3776 tarn
165 3722 365 3778 multitudinem
393 3722 577 3793 propellentes
599 3721 627 3776 in
648 3728 717 3786 reto,
739 3728 768 3775 ut
791 3720 820 3775 id
848 3735 897 3775 sua
946 3721 1104 3777 honoratus.
1129 3721 1215 3777 Biduo
1239 3721 1330 3793 itaque
1349 3721 1452 3778 ibidem
1483 3724 1574 3791 ducto,
1599 3726 1678 3780 tertia
1700 3727 1745 3785 die

90 3808 245 3883 pluralitate
260 3827 309 3881 por
325 3811 386 3866 loca
400 3809 618 3881 disrumperent.
638 3809 734 3865 Praeda
752 3808 844 3880 itaque
861 3809 897 3864 ad
947 3810 1021 3866 febre
1037 3818 1189 3882 correptus,
1206 3817 1311 3866 tantum
1326 3810 1354 3864 in
1369 3810 1446 3868 brevi
1465 3812 1524 3881 ejus
1544 3812 1673 3870 violentia
1691 3816 1743 3872 de·

90 3898 167 3975 littus
181 3899 323 3971 perducta,
341 3899 383 3953 vir
398 3898 563 3954 discretione
579 3898 753 3970 plenissimus
762 3897 896 3969 quosdam
946 3916 1059 3972 pressus
1073 3907 1123 3968 est,
1140 3908 1169 3955 ut
1182 3916 1233 3956 nec
1246 3901 1281 3956 ad
1296 3899 1393 3957 cellam
1408 3901 1499 3957 redire
1513 3917 1563 3959 neo
1572 3902 1744 3961 cibisnsten-

91 3986 193 4060 pisces,
211 3986 402 4056 adjuvantibus
425 3987 472 4060 qui
493 3987 618 4053 aderant,
630 4004 724 4042 rursus
746 3986 774 4041 in
797 4001 896 4058 aquam
946 3988 1064 4044 taculum
1077 3988 1210 4060 potuisset
1224 3989 1376 4061 percipere.
1395 3990 1520 4063 Cumque
1534 3990 1586 4048 hac
1601 3990 1744 4051 infimitate

90 4074 216 4151 projecit,
232 4084 259 4132 et
273 4076 403 4132 fratribus
427 4076 493 4131 dixit
510 4093 516 4132 :
535 4075 631 4143 llodie,
657 4083 768 4148 propter
790 4075 896 4133 adven·
945 4078 1063 4150 perdies
1078 4079 1284 4152 quatuordecim
1307 4079 1470 4147 laborasset,
1487 4081 1531 4137 die
1545 4088 1622 4138 sexto
1636 4081 1743 4140 decimo

92 4172 151 4220 turn
161 4174 292 4233 vestrum,
309 4165 463 4220 mirabilem
487 4180 545 4222 suae
569 4164 705 4238 largitatis
729 4163 896 4221 evidentiam
945 4167 1048 4223 mensis
1063 4168 1194 4236 octobris,
1207 4168 1355 4224 idestxvrr
1368 4167 1507 4226 Kalendas
1519 4171 1685 4238 novembris,
1697 4187 1744 4229 ex·

91 4252 227 4310 Dominus
241 4253 414 4311 manifestare
432 4253 560 4326 dignatus
580 4261 631 4308 est.
646 4253 687 4308 llli
704 4261 815 4309 econtra
834 4269 896 4309 me·
945 4255 1026 4328 pletis
1040 4257 1189 4330 nonaginta
1204 4257 1323 4329 quinque
1338 4258 1418 4315 annis
1432 4275 1488 4315 suae
1507 4258 1644 4329 atatisin
1660 4276 1743 4317 sene·

94 4341 155 4398 ritis
170 4343 229 4413 ejus
241 4343 314 4416 quod
330 4343 432 4399 lactum
447 4342 536 4399 luerat
549 4342 723 4415 imputantes,
741 4358 775 4399 eo
796 4341 895 4399 alacri·
945 4352 1017 4403 ctute
1033 4346 1114 4416 bona,
1132 4347 1212 4416 hujus
1226 4347 1288 4404 vitae
1306 4346 1436 4404 liberatus
1460 4347 1607 4423 ergastulo,
1624 4348 1744 4407 anbnarn

92 4440 136 4487 ter
148 4441 287 4504 praeeunte
309 4434 420 4488 domum
443 4432 593 4488 redierunt.
618 4433 652 4488 llt
674 4447 738 4488 ecce
758 4432 835 4500 juxta
858 4431 931 4498 in·D
946 4435 1050 4491 meritis
1065 4436 1174 4507 plenam
1190 4435 1315 4495 felicibus
1338 4437 1456 4495 reddidit
1477 4437 1560 4494 bonis
1576 4438 1744 4498 inhaesuram

92 4530 203 4588 troitum
218 4531 323 4589 cellulae
337 4532 380 4589 vir
390 4548 461 4588 unus
475 4531 609 4604 apparuit,
627 4528 719 4586 ferens
736 4530 805 4587 duos
820 4537 896 4587 utres
945 4525 1111 4597 perennibus
1126 4534 1148 4584 ⁸.

120 4696 637 4758 ⁸131uictisnujuacapttrsrotato,beatus
659 4698 742 4746 Gallus
761 4697 826 4745 obltt
841 4707 896 4746 aon
945 4696 1063 4743 abbatem
1090 4695 1140 4743 stbt
1171 4695 1352 4744 emerserant?
1375 4695 1471 4744 Deinde
1496 4696 1550 4754 tam
1577 4697 1744 4755 grandevum

92 4771 175 4818 mutto
194 4773 365 4832 postbentum
385 4770 535 4824 Eustaslum,
552 4778 627 4828 quem
640 4780 707 4816 anno
720 4775 760 4816 aas
774 4770 897 4826 adsape-
945 4766 1025 4815 tulsse
1061 4766 1157 4815 Gallum
1193 4777 1222 4813 ac
1257 4767 1332 4814 beato
1364 4766 1519 4815 columbano
1546 4769 1669 4827 magistro
1696 4780 1745 4819 sao

93 4852 137 4890 ros
157 4843 310 4899 mtgrartssa
329 4844 434 4890 constat
456 4845 485 4888 ln
508 4842 562 4887 Vite
578 4841 658 4888 sancti
680 4842 827 4899 uagatsau
844 4843 898 4889 tta·
947 4841 1020 4886 aetate
1048 4838 1205 4895 superiorem
1227 4838 1287 4884 dum
1316 4837 1343 4885 in
1368 4839 1472 4886 Galliam
1500 4840 1571 4887 vanlt
1590 4840 1675 4889 dtcere
1700 4852 1748 4890 na·

90 4914 303 4971 guentanorum
314 4914 556 4967 baatocotumbano,
567 4918 682 4960 annosos
700 4915 800 4969 donato,
822 4914 897 4961 annta
946 4919 1017 4957 cesse
1039 4909 1084 4960 est.
1116 4909 1138 4955 sl
1167 4909 1341 4965 nonagenario
1367 4909 1450 4965 major
1477 4920 1544 4957 anno
1561 4915 1602 4957 62⁵
1631 4913 1747 4962 mortuus

91 4985 219 5038 ,duntaxat
239 4986 327 5033 decem
348 4987 503 5042 supertutsse
513 4986 614 5042 dicitur,
627 4990 654 5032 ut
665 4986 772 5042 proinde
781 4989 898 5032 annotatt
947 4983 993 5028 est.
1025 4981 1137 5038 benlque
1156 4981 1253 5028 Gallum
1285 4981 1358 5028 beato
1377 4981 1530 5037 baaoberto,
1557 4984 1660 5031 elotanl
1683 4985 1746 5042 alto,

96 5058 193 5104 mundo
203 5058 344 5105 excessisse
359 5058 481 5105 videatur.
496 5062 587 5104 verum
599 5058 675 5104 multa
686 5059 752 5104 hunc
773 5056 897 5104 calculum
947 5053 1118 5109 superletssa
1134 5052 1186 5110 jam
1205 5051 1237 5099 ad
1265 5063 1319 5109 cap.
1342 5056 1366 5098 lt
1386 5052 1538 5101 notavimus.
1573 5054 1616 5103 cul
1638 5056 1674 5104 rat
1703 5067 1747 5106 ar-

97 5131 223 5176 erertunt.
234 5130 258 5178 Si
276 5129 360 5178 Gallus
368 5138 449 5176 annos
460 5130 535 5176 natus
545 5128 683 5184 nonaginta
693 5130 805 5186 quinque
815 5129 899 5175 deces-
947 5125 1067 5181 ramento
1085 5125 1205 5182 estquod
1227 5123 1298 5171 rotto
1315 5124 1357 5171 etr
1382 5123 1502 5178 illustria.
1524 5126 1660 5186 bogobertt
1679 5130 1748 5187 regia

96 5200 140 5257 stt,
154 5200 639 5260 quisputetconstanttenslcleroante
653 5211 736 5247 annos
752 5199 839 5247 decem
853 5210 898 5247 ve·
947 5201 1113 5251 camaenas,
1141 5198 1256 5243 sanctum
1275 5195 1372 5243 Gallum
1395 5207 1452 5244 cam
1474 5197 1504 5244 t'tt
1525 5208 1636 5259 torpore
1655 5201 1749 5248 aloem

96 5271 665 5328 nissetnmentemuthominemdacrepttae
675 5272 837 5318 aetatlsultra
854 5281 899 5317 an·
947 5267 1057 5316 coluisse
1074 5268 1167 5314 dicitnr
1186 5269 1333 5324 tttatpertus.
1354 5267 1384 5316 de
1412 5268 1517 5317 cotibus
1545 5275 1568 5319 a.
1590 5271 1666 5327 oattt,
1694 5280 1751 5327 cap.

96 5352 147 5390 nos
161 5343 310 5401 quinqueet
323 5345 450 5400 octoginta
470 5346 615 5401 provectum
632 5344 659 5389 in
676 5343 761 5390 sedem
785 5352 897 5398 vacuam,
949 5340 992 5395 l).
1030 5341 1064 5386 De
1101 5341 1249 5386 auctoritate
1280 5340 1412 5396 scriptoris
1449 5341 1511 5389 vita
1554 5341 1633 5389 sancti
1665 5339 1749 5397 Dagnl

96 5414 285 5472 utlsupracap.
302 5421 330 5462 stt
349 5416 447 5472 legitur,
466 5414 643 5472 promoverat
666 5417 718 5460 lmo
737 5413 794 5470 quis
812 5413 899 5459 credat
948 5420 995 5457 suo
1014 5411 1069 5457 loco
1098 5411 1262 5458 disseremus.
1291 5411 1434 5461 Notandum
1465 5422 1541 5470 porro
1572 5413 1612 5459 est
1638 5413 1753 5459 eandum

96 5487 235 5533 monachos
246 5487 417 5534 luxovienses
427 5487 601 5545 postnmtasti
612 5484 759 5533 mortemue
769 5485 898 5541 ballatam
949 5482 1045 5530 Gallum
1064 5483 1091 5529 in
1116 5482 1224 5532 atncerts
1251 5483 1358 5534 usuardt
1382 5486 1407 5533 et
1435 5483 1529 5533 tdonts
1557 5482 1756 5541 umtyrotoarts,

96 5555 307 5607 teracentenarlo
324 5559 458 5616 comtassa,
482 5560 510 5606 ut
531 5559 603 5606 illurn
625 5568 655 5605 ex
674 5559 771 5605 remota
789 5555 897 5613 rectane

280 5633 401 5693 Parnon.
422 5632 520 5690 CXIV.
1519 5627 1554 5685 ΒΞ
