3772 6112
109 251 145 311 25
355 200 360 205 -
524 244 660 305 otossa
679 244 884 304 ouhntautn.
905 275 941 287 -
959 242 1156 302 PROPHETIA
1175 244 1342 303 tnhEtssAE.
1729 252 1765 307 26

110 384 201 430 terras
209 370 327 445 perdant
342 370 369 426 in
384 370 518 427 thesauris
533 371 583 426 Dei
597 386 652 427 non
667 379 738 441 sunt,
755 378 818 440 ete,
830 386 916 443 aequa
931 369 959 429 A
1002 369 1088 425 Vnus.
1104 373 1132 427 2.
1147 401 1182 411 -
1196 370 1307 435 Audita,
1325 378 1388 441 ete,
1408 372 1483 427 Viros
1498 371 1580 437 luda,
1605 379 1657 427 etc.
1675 371 1766 447 alleg.

111 464 148 520 ad
158 462 224 518 inde
240 461 328 519 oritur
343 468 373 516 ut
387 460 456 515 alius
471 460 506 515 sit
520 460 638 533 sapiens,
650 460 720 517 alius
733 458 820 517 fidelis
832 468 858 514 et
872 460 919 515 hu·

51 608 56 615 ,
107 551 239 621 jusmodi.

148 641 233 694 Vnus.
262 639 306 694 ll.
322 669 357 679 -
371 638 493 694 Stultus.
520 638 627 709 (Hine.)
651 637 755 693 Stultus
770 651 917 708 eompara-

113 727 186 784 tione
200 727 261 796 Dei,
279 735 344 797 etc,
360 743 448 800 usqua
463 726 604 783 adomnia
620 726 692 781 enim
717 725 853 783 contraria
868 741 916 781 as-

114 817 230 888 sumpsit
245 817 329 883 Deus‚
346 824 375 871 ut
390 815 526 871 contraria
541 814 683 870 dissolvat.

150 908 265 962 Falsum
280 909 333 961 est.
350 903 458 977 (Onia.)
474 902 554 973 Quod
572 904 669 959 ordine
684 919 734 959 sao
747 901 835 976 tingit.
852 902 915 957 Fal-

115 1011 176 1051 sum
191 1002 233 1050 est
247 994 319 1049 enim
334 994 409 1065 quod
423 991 560 1058 conflavit,
573 992 641 1048 siout
658 992 756 1047 stultus
771 999 812 1047 est
828 990 916 1047 omnis

112 1086 196 1139 homo
210 1099 227 1139 a
242 1082 363 1148 scientia,
379 1082 490 1137 stultum
505 1081 585 1136 etiam
595 1090 636 1137 est
647 1081 720 1153 quod
735 1080 807 1136 facit.

149 1174 209 1230 lton
225 1176 267 1229 est
282 1173 412 1245 spiritua.
437 1170 543 1242 (Hxsa.)
563 1170 719 1225 Notandum
735 1170 808 1242 quod
822 1169 850 1224 in
863 1169 915 1224 hoc

112 1262 201 1332 capite
215 1268 312 1317 ventus
328 1268 355 1317 et
370 1259 481 1331 spiritus
497 1274 551 1315 uno
572 1259 680 1314 nomine
695 1259 768 1332 apud
782 1258 914 1315 Hebraeos

113 1350 287 1422 appellantur
301 1351 384 1405 raab.

149 1438 235 1493 Vnus.
253 1440 340 1493 lb.—
352 1439 426 1495 l'ana
441 1442 520 1495 sant.
538 1439 590 1492 Aut
600 1436 672 1492 enim
683 1436 787 1492 rustica
801 1444 873 1501 sunt,
885 1442 915 1491 ut

110 1528 226 1600 lignum,
242 1536 287 1581 aut
310 1526 426 1598 pulchro
450 1542 576 1582 sermone
600 1525 751 1592 tinnientia,
768 1533 797 1580 ut
811 1540 914 1598 argen-

112 1625 185 1682 tum3
201 1622 246 1671 aut
260 1616 294 1671 dc
309 1616 422 1687 proprio
437 1631 518 1670 seusu
542 1614 668 1670 simulata
692 1614 869 1679 mentiuntur,
885 1624 915 1669 ut

110 1721 218 1760 aurum.
234 1705 266 1759 ln
287 1709 412 1778 tempora
435 1706 618 1761 visitationis.
643 1703 685 1759 Ad
709 1712 814 1774 tempus

111 1790 915 1867 haeresis,utquiprobatisantmanisestifiant.(Momm).

112 1883 182 1938 Cum
205 1890 295 1937 autem
319 1882 437 1938 visitatio
468 1881 518 1937 Dei
541 1881 664 1948 venerit,
690 1889 717 1937 et
740 1881 836 1936 oculus
860 1881 917 1949 ejus

110 1980 209 2026 cuncta
223 1971 384 2042 respexerit,
402 1970 491 2026 omnia
508 1962 701 2025 conticescent.

149 2061 236 2116 Vnus.
254 2062 297 2115 tt.
313 2090 348 2100 -
364 2060 513 2131 congrega.
538 2058 644 2130 (ilina.)
659 2057 816 2130 Pracipitur
835 2058 917 2112 Jeru-

111 2149 200 2205 salem
213 2157 242 2204 ut
257 2147 388 2220 quidquid
403 2146 561 2203 substantiae
583 2146 650 2202 loris
672 2148 761 2213 habet,
779 2147 806 2201 in
821 2145 917 2201 urbem

112 2237 323 2293 munitissimam
334 2244 494 2309 congreget,
507 2244 532 2291 et
543 2235 625 2308 longe
635 2236 771 2291 obsidioni
781 2242 917 2307 praeparet

112 2327 253 2382 alimenta.
276 2326 339 2381 Non
361 2324 433 2381 enim
454 2325 537 2390 Deus,
564 2324 634 2380 sieut
654 2323 741 2395 prius,
758 2323 840 2397 longe
855 2330 917 2395 post

114 2415 208 2471 lutura
223 2414 350 2479 minatus,
367 2414 415 2469 sed
431 2413 520 2468 statim
535 2412 634 2468 lutura.

149 2505 235 2560 Vens.
254 2506 297 2558 ta.
314 2532 349 2543 —
368 2504 410 2559 Vra
423 2503 504 2568 mibi,
523 2509 575 2558 etc.
592 2502 658 2571 (lo.)
673 2501 855 2575 Conqueritur
869 2507 916 2560 le-

110 2592 233 2649 rusalcm
257 2591 330 2665 quod
345 2592 520 2648 vehementer
543 2589 639 2646 afflicta
654 2590 689 2645 sit
703 2598 730 2646 et
743 2591 824 2665 plaga
839 2593 916 2652 insa-

116 2682 212 2737 nabili.

151 2772 237 2826 Vens.
253 2774 298 2827 20.
310 2801 345 2810 -
358 2771 590 2826 Tabernacaiam.
607 2769 672 2841 (lo.)
687 2768 794 2843 Plangit
808 2772 917 2830 Jerusa-

110 2860 169 2916 lem
185 2868 240 2915 tam
255 2859 361 2914 facilem
386 2858 482 2914 factam
507 2858 713 2915 subversionem
737 2875 824 2925 suam,
850 2871 914 2929 etc,

111 2965 202 3023 uagae
216 2949 252 3005 ad
266 2963 366 3022 magna
380 2964 445 3019 pars
459 2963 554 3003 eorum
576 2946 717 3003 interiecta
732 2956 812 3020 atque
827 2951 916 3008 deleta

111 3046 168 3095 est.

149 3127 236 3183 Vens.
261 3129 307 3184 al.
323 3156 359 3168 -
374 3127 458 3182 Grex.
484 3125 550 3197 (ln.)
574 3125 777 3201 Septuaginta:
802 3145 914 3200 pecora.

111 3215 195 3285 Quod
205 3215 281 3284 juxta
295 3215 437 3270 historiam
452 3223 525 3270 stare
540 3230 594 3270 non
604 3224 711 3286 potest:
724 3217 752 3271 in
767 3224 819 3271 tam
835 3219 917 3291 louge

111 3305 188 3361 enim
203 3304 346 3361 obsidione
359 3319 463 3374 pecora
477 3319 532 3358 non
548 3303 702 3361 durassent.

148 3394 237 3448 Vnus.
248 3396 293 3450 ἥ.
306 3424 340 3434 -
354 3395 409 3450 Vox
424 3393 589 3449 auditionis.
601 3393 667 3464 (lo.)
678 3394 742 3450 Haec
751 3395 840 3450 omnia
856 3411 916 3467 quae

109 3482 270 3554 preteritas
284 3492 311 3538 et
325 3497 449 3554 praesens
471 3497 562 3537 sermo
584 3481 724 3546 describit,
746 3491 810 3553 etc,
830 3501 918 3557 usaue

110 3573 149 3629 ad
164 3572 213 3643 qui
227 3572 317 3627 stulte
332 3575 459 3643 egerant,
473 3578 500 3625 et
509 3571 659 3626 Dominum
670 3587 724 3627 non
739 3572 916 3645 quesierunt.

148 3663 323 3717 Diaconum.
348 3659 400 3715 Vel
421 3661 631 3715 Strutttoaam.
657 3660 848 3732 Symmachus,
865 3663 917 3735 Sp-

969 459 1137 514 Christianos
1152 460 1264 527 seilicet,
1281 459 1405 514 Christus
1414 460 1487 515 enim
1498 461 1532 515 de
1542 460 1612 515 luda
1622 467 1699 516 ortus
1714 469 1767 517 est.

967 549 1008 604 Dc
1031 564 1084 621 quo
1099 564 1164 605 vere
1180 548 1279 604 dicitur
1295 566 1301 602 :
1318 549 1400 614 luda,
1429 553 1456 605 te
1481 549 1638 605 laudabant
1659 552 1768 622 [ratres

968 639 1012 694 tui
1022 656 1032 692 .·
1043 654 1146 693 manas
1158 642 1214 693 aaa
1223 654 1309 710 saper
1317 637 1432 694 dorsum
1442 639 1626 693 intercisorum
1641 641 1767 695 tuarum.

967 725 1048 796 (Gen.
1070 726 1160 797 xxxx),
1183 734 1236 781 ete.
1253 727 1421 782 Jerusalem.
1437 725 1578 791 Ecclesia,
1595 741 1655 798 quae
1669 735 1711 782 est
1726 726 1768 783 ci-

967 813 1037 869 vitas
1060 814 1135 885 regis
1158 814 1259 886 magni,
1285 821 1311 868 et
1335 814 1404 870 visio
1424 815 1510 886 pacis.
1536 815 1591 869 Pax
1605 815 1677 870 enim
1691 814 1720 870 in
1735 829 1769 871 ea

966 902 1160 973 multiplicatur
1175 911 1202 958 et
1217 903 1348 960 comitur.

1001 1010 1087 1065 Vens.
1103 1013 1130 1064 3.
1146 1040 1181 1050 -
1196 1010 1370 1065 Maledictus.
1386 1007 1495 1081 (Onia.)
1510 1010 1596 1065 iudai
1619 1010 1691 1067 euim
1706 1026 1768 1067 raa·

966 1098 1057 1153 ledieti
1080 1105 1152 1166 sunt,
1177 1097 1222 1170 qui
1246 1114 1299 1153 non
1323 1098 1468 1153 audierunt
1490 1105 1680 1155 testamentum
1704 1099 1766 1167 Dei,

966 1187 1075 1259 quando
1097 1186 1188 1242 eduxit
1203 1202 1251 1242 eos
1266 1187 1301 1242 de
1316 1195 1388 1241 terra
1404 1187 1522 1259 AEgypti.
1540 1188 1597 1243 Nos
1616 1196 1706 1244 autem
1720 1188 1768 1262 gui

965 1276 992 1330 in
1003 1275 1109 1332 Christo
1124 1275 1272 1339 oredimus,
1285 1283 1446 1331 testamento
1461 1275 1520 1345 ejus
1534 1276 1677 1332 obedimus
1692 1276 1767 1349 quod

964 1381 1015 1436 per
1030 1366 1142 1437 hloyscu
1157 1365 1273 1420 traditur
1290 1383 1297 1419 :
1313 1373 1339 1420 et
1354 1364 1500 1421 nobishoc
1518 1365 1665 1422 diciturne
1680 1365 1768 1422 male·

966 1454 1030 1510 dicti
1045 1454 1140 1509 simus.

1001 1561 1087 1615 Vnus.
1104 1562 1130 1616 l.
1147 1591 1181 1601 -
1195 1560 1290 1616 lldaai
1305 1576 1360 1616 aas.
1377 1561 1483 1626 illisa„
1500 1558 1607 1632 Oura),
1622 1561 1681 1617 Nos
1696 1576 1768 1633 quo-

1383 1624 1387 1631 ι

965 1665 1018 1720 quc
1033 1649 1126 1704 eduxit
1140 1650 1214 1704 Deus
1228 1649 1262 1705 de
1277 1650 1394 1721 AEgypto
1409 1657 1435 1705 et
1451 1648 1561 1705 fornace
1585 1648 1686 1719 ferrea,
1702 1658 1767 1717 etc..

844 1703 915 1760 ’ἴδιοι
928 1728 955 1787 Β
970 1755 1056 1811 usqae
1070 1739 1106 1793 ad
1119 1738 1148 1791 in
1162 1738 1224 1811 lege
1238 1737 1391 1794 ohedientia
1413 1738 1614 1805 mandatorum,
1630 1738 1675 1795 hic
1690 1738 1768 1795 simi-

967 1826 1054 1883 litudo
1070 1826 1130 1882 Dei.

1003 1917 1038 1970 Et
1053 1917 1144 1972 eritis.
1160 1916 1220 1971 Non
1238 1923 1280 1971 cst
1294 1917 1368 1972 Deus
1383 1918 1514 1986 omnium,
1532 1917 1580 1973 sed
1595 1931 1691 1973 corum
1705 1925 1768 1973 tan-

968 2012 1024 2059 tunr
1050 2004 1148 2077 quibus
1164 2020 1194 2059 se
1208 2004 1342 2077 largitur,
1367 2007 1439 2063 uude
1455 2025 1461 2061 ε
1478 2009 1611 2078 Spatana
1632 2007 1769 2063 dominata

967 2093 1041 2149 Deus
1065 2097 1132 2149 turis
1156 2098 1274 2150 sanctur
1300 2096 1388 2151 lsrael
1413 2097 1524 2165 (Ezecb.
1549 2096 1622 2167 xiv).
1646 2095 1682 2149 Et
1703 2094 1769 2150 alibi

968 2197 1076 2253 quoque
1091 2182 1187 2254 inquit.
1203 2184 1256 2238 Ero
1272 2186 1345 2239 Deus
1360 2201 1458 2241 eorum
1473 2184 1573 2255 (laod.
1590 2184 1644 2253 ιιι.)
1654 2183 1698 2249 Et,
1713 2185 1770 2257 ligo

966 2286 1031 2325 sam
1053 2271 1127 2326 Deus
1146 2271 1296 2339 Abraham,
1322 2273 1396 2329 Deus
1420 2274 1499 2329 lsaao
1523 2277 1551 2328 et
1574 2273 1648 2328 Deus
1675 2272 1768 2329 laceb.

968 2356 1047 2426 Quod
1063 2375 1202 2430 exponens
1227 2359 1351 2416 Salvator
1365 2362 1401 2416 ait
1418 2380 1425 2415 :
1441 2363 1515 2417 Deae
1540 2365 1637 2417 autem
1652 2364 1769 2417 nonest

966 2451 1153 2515 ntortuorum,
1169 2448 1218 2503 aad
1232 2451 1358 2506 vivarum
1368 2449 1447 2520 (Luc.
1465 2450 1559 2522 xxxx).
1576 2450 1699 2504 blortuus
1713 2457 1766 2517 est,

967 2534 1070 2590 seilicet
1084 2544 1221 2607 peccator.

1002 2624 1087 2680 Vens.
1105 2627 1131 2680 5.
1143 2656 1177 2665 -
1188 2627 1272 2682 Lacte
1287 2630 1316 2681 et
1330 2628 1425 2682 melle.
1442 2626 1549 2698 (Hira.)
1564 2625 1644 2681 Melle
1659 2633 1686 2682 et
1698 2626 1769 2683 lacte

966 2728 1059 2768 rerum
1083 2713 1204 2768 omnium
1226 2715 1418 2769 abundantiam
1441 2713 1585 2788 sIgniiieat,
1601 2723 1665 2784 etc,
1681 2731 1769 2787 usquc

966 2802 1003 2857 ad
1018 2801 1071 2871 vel,
1096 2800 1151 2865 liat,
1176 2803 1302 2868 Domine,
1317 2803 1346 2858 id
1361 2812 1412 2873 cst,
1430 2819 1540 2876 semper
1563 2811 1673 2859 maneat
1695 2803 1770 2876 quod

967 2890 1076 2946 dedisti.

1001 2980 1087 3035 Vnus.
1104 2983 1130 3036 l.
1142 3011 1177 3021 -
1188 2981 1259 3048 Quia
1273 2986 1447 3049 contestans,
1465 2990 1517 3037 etc.
1535 2982 1637 3054 Usque,
1649 2987 1682 3037 at
1696 2984 1770 3054 sace

926 3070 1114 3149 croatiae,
1131 3069 1158 3123 in
1173 3069 1349 3143 Septuaginta
1373 3087 1428 3125 non
1452 3070 1596 3126 habentur.
1623 3069 1704 3140 Quod
1719 3086 1767 3127 sc·

967 3157 1076 3228 quitur:
1092 3159 1127 3213 nt
1141 3175 1199 3219 aon
1214 3162 1354 3229 secarunt,
1367 3161 1400 3216 ab
1410 3162 1480 3232 ipsis
1491 3179 1500 3216 :
1510 3160 1538 3214 iu
1552 3158 1605 3215 line
1620 3159 1771 3230 superioris

967 3245 1075 3316 capituli
1089 3246 1208 3317 positum
1224 3256 1274 3303 cst.
1291 3248 1392 3304 ludite
1413 3249 1494 3305 uerba
1509 3251 1590 3322 pacti
1604 3250 1699 3320 tajm,
1715 3256 1769 3305 cte.

1002 3352 1088 3408 Vnus.
1101 3356 1127 3406 9.
1135 3354 1344 3411 -laaeatacst
1354 3356 1523 3427 conjuratio.
1532 3353 1641 3426 (Ouio.)
1652 3356 1771 3411 Inventa

967 3444 1011 3497 est
1020 3443 1162 3513 colligatio
1170 3444 1201 3498 tn
1210 3445 1279 3498 viris
1287 3443 1368 3509 luda,
1380 3451 1432 3499 etc.
1443 3443 1470 3498 Si
1480 3443 1695 3514 peccaverimus,
1705 3450 1770 3511 etc,

967 3545 1054 3602 usqae
1069 3531 1105 3585 ad
1119 3537 1146 3585 et
1160 3529 1286 3586 efficieris
1300 3529 1371 3587 tilius
1392 3532 1441 3587 Dei
1457 3531 1485 3586 iu
1500 3532 1608 3588 Christo
1622 3533 1698 3588 lesu.

1003 3636 1084 3691 Vars.
1098 3639 1140 3691 ll.
1153 3668 1187 3676 —
1199 3637 1378 3693 Clamabunt.
1396 3639 1425 3692 ln
1440 3638 1656 3706 necessitatibus,
1672 3646 1699 3694 et
1714 3653 1770 3695 non

112 3765 261 3814 ranarum,
279 3756 308 3803 ut
325 3763 377 3819 pro
401 3747 556 3802 hominihus
579 3748 700 3803 habitent
724 3749 828 3805 scilieet
849 3750 918 3806 dra·
967 3724 1118 3785 exandiam·
1136 3725 1200 3796 qnia
1215 3741 1259 3779 ¹¹¹⁶
1273 3727 1367 3781 audire
1386 3727 1541 3782 merum·
1567 3726 1647 3794 Qu⁰d
1662 3735 1689 3782 ²⁸
1704 3727 1769 3783 3⁰⁰¹

111 3854 208 3902 mnes,
235 3846 262 3893 et
285 3837 376 3892 omnia
403 3845 537 3892 venenata
553 3855 560 3891 :
586 3837 630 3893 vel
654 3837 831 3905 struthiones,
857 3856 917 3912 φη
967 3827 1066 3884 passus
1081 3820 1132 3879 est,
1149 3820 1213 3879 etc,
1229 3831 1316 3886 aequa
1331 3815 1366 3869 ad
1381 3814 1453 3886 quod
1468 3830 1540 3870 nuuc
1555 3815 1654 3870 dicitur
1669 3816 1705 3871 ad
1718 3816 1769 3872 lu·

111 3925 254 3982 solitudini
279 3925 426 3981 familiares
450 3926 478 3980 iu
501 3926 619 3981 desertis
642 3935 792 3983 nascuntur
813 3936 840 3983 et
863 3945 917 3984 nu·
966 3901 1030 3957 dam
1045 3910 1071 3957 ‘³⁸
1085 3902 1237 3957 Jerusalem
1252 3902 1370 3974 pertinet
1384 3903 1481 3976 qnib¹¹⁸
1497 3903 1580 3959 instat
1594 3903 1746 3974 ⁰⁸P⁸ivi²⁸⁸·

112 4016 243 4071 trinutur.
260 4016 314 4070 Aut
335 4014 464 4087 Syrenas,
481 4013 584 4071 scilicet
608 4015 731 4088 quadam
755 4024 876 4073 monstra
891 4024 918 4074 et
1003 4008 1088 4063 ΨΜ
1107 4011 1149 4063 13·
1167 4039 1201 4049 -
1216 4008 1376 4065 Secundum
1392 4027 1555 4066 numerum·
1572 4009 1639 4083 (1⁰.)
1654 4011 1685 4064 [n
1699 4009 1770 4067 libro

112 4104 270 4160 damonum
286 4105 485 4175 phantasmata.
967 4097 1073 4170 Regum
1085 4105 1111 4151 et
1122 4096 1393 4168 Paralipomenorum
1407 4098 1560 4154 invenimus
1574 4098 1672 4153 ludam
1688 4100 1771 4155 etle-

151 4193 238 4248 Vans.
262 4196 308 4250 23.
334 4224 369 4233 -
391 4193 461 4260 Seio,
488 4200 540 4249 ete.
564 4193 748 4262 ttionemn,
773 4194 818 4266 qui
843 4193 918 4251 aiunt
967 4185 1083 4242 remiam
1098 4186 1181 4241 multt
1198 4186 1302 4256 pejora,
1315 4194 1378 4256 etc,
1390 4205 1477 4260 usqae
1492 4188 1528 4243 ad
1543 4195 1581 4242 tot
1594 4187 1622 4241 in
1636 4185 1772 4244 confusio

114 4297 338 4354 unumquemque
353 4298 403 4338 suo
418 4281 478 4354 regi
492 4281 616 4338 arbitrio,
632 4283 694 4337 Non
718 4291 760 4339 est
782 4282 854 4338 enim
869 4285 917 4340 ho.
968 4289 1030 4331 nem
1047 4289 1124 4329 suum
1140 4288 1204 4329 uras
1218 4271 1361 4342 haberent,
1378 4275 1476 4348 quibus
1490 4276 1571 4331 idolis
1586 4275 1770 4333 immolarent.

114 4371 197 4425 minis
212 4369 254 4425 tia
269 4371 336 4439 ejus,
352 4378 423 4435 etc.;
440 4369 511 4425 unde
522 4370 608 4425 David
621 4388 627 4424 ε
639 4372 659 4426 Α
671 4372 789 4428 Domino
802 4388 915 4444 gressus
1003 4363 1089 4418 VERS·
1107 4363 1151 4417 14·
1168 4394 1203 4403 -
1221 4365 1260 4419 Ttt
1273 4381 1346 4436 erpo.
1363 4364 1429 4437 (lo.)
1444 4364 1603 4435 Praecipitur
1616 4364 1769 4435 prophetae,

115 4460 240 4517 bominis
254 4459 395 4531 dirigetur
409 4458 498 4530 (Paul.
515 4460 629 4530 xxxvi).
929 4451 1002 4512 Due
1017 4465 1068 4523 pro
1085 4451 1125 4506 eis
1140 4459 1200 4507 oret
1213 4451 1243 4506 in
1258 4469 1335 4525 quos,
1351 4461 1415 4518 etc,
1432 4469 1519 4525 usque
1533 4452 1569 4507 ad
1583 4468 1616 4507 ex
1630 4451 1673 4507 his
1688 4452 1771 4510 disci·

151 4548 239 4603 Vnus.
251 4548 296 4605 24.
307 4578 342 4588 -
352 4548 385 4603 ln
396 4548 513 4620 judicio,
526 4552 555 4603 et
568 4565 626 4606 non
641 4550 672 4605 tn
686 4550 794 4619 surore,
811 4548 917 4622 (than),
968 4556 1039 4606 mus,
1056 4539 1158 4595 frustra
1172 4556 1222 4611 pro
1237 4540 1328 4613 aliquo
1343 4541 1445 4614 rogari,
1462 4541 1509 4613 qui
1523 4556 1578 4596 non
1593 4548 1716 4599 meretur
1728 4557 1769 4600 ac»

118 4633 212 4704 Quasi,
229 4653 289 4710 quae
301 4636 429 4707 patimur,
438 4636 510 4705 justa
520 4644 592 4707 sunt,
603 4646 667 4704 etc,
680 4653 766 4710 arque
776 4638 919 4712 adgentes
969 4629 1071 4701 cipere·

116 4734 214 4790 antem
230 4740 290 4797 quae
311 4739 367 4780 non
389 4733 576 4799 cognovemnt
592 4734 627 4792 te,
646 4741 700 4782 non
712 4725 853 4795 judicium,
869 4728 919 4783 sed
1003 4736 1090 4790 Vnus.
1108 4737 1151 4790 15.
1168 4735 1289 4803 -Quid
1312 4739 1364 4791 eal.
1390 4735 1456 4807 (lo.)
1480 4735 1610 4792 Dicamus
1625 4736 1677 4792 hoc
1690 4735 1769 4808 prin-

117 4814 333 4887 iudignationem
348 4823 499 4869 merentur·
969 4824 1073 4895 cipibus
1088 4823 1265 4880 eeclesiarum
1281 4832 1307 4879 et
1321 4824 1460 4892 divitibus,
1476 4840 1538 4881 curn
1558 4825 1646 4881 alicua
1665 4825 1771 4897 rapiant

969 4921 996 4971 ct
1010 4912 1126 4968 malitias
1149 4912 1240 4967 cordis
1264 4913 1306 4967 sui
1330 4929 1385 4967 non
1407 4912 1540 4984 auferant,
1564 4921 1660 4985 putant
1674 4930 1704 4970 se
1720 4912 1771 4973 Dei

427 4968 540 5025 CAPUT
559 4968 608 5023 XI·
968 5002 1070 5057 mereri
1080 5001 1261 5059 elementiam.
1272 5003 1404 5076 Nanpaid
1414 5019 1514 5059 carnee
1525 5007 1642 5058 sanctae.
1654 5005 1688 5058 nt
1697 5018 1770 5060 nunc

152 5110 238 5165 vm,
264 5113 290 5164 1·
308 5140 342 5150 -
366 5110 489 5166 Verbum,
515 5108 622 5179 (OM,
646 5111 725 5168 gom·
750 5112 781 5166 g„
805 5110 918 5182 ΕΜ.)
968 5090 1076 5163 publice
1091 5088 1263 5146 offerentium
1277 5090 1388 5146 nomina
1403 5090 1561 5161 recitantur,
1578 5099 1604 5146 et
1618 5091 1771 5166 redemptio

118 5197 196 5267 Quod
211 5198 316 5255 seilicet
326 5198 353 5253 [n
363 5198 497 5270 principm
507 5200 579 5270 apud
591 5200 688 5265 Deum,
705 5208 769 5265 gg„
785 5215 872 5272 usque
882 5200 919 5255 ag
968 5187 1143 5251 peccatorum
1159 5179 1187 5233 in
1202 5179 1309 5234 laudem
1323 5187 1444 5236 mutatur
1460 5197 1467 5234 ε
1483 5195 1534 5236 uec
1550 5179 1718 5253 evangelicae
1732 5180 1770 5237 vi·

116 5296 143 5343 et
156 5287 300 5358 discipulis
314 5287 352 5342 ait
369 5305 376 5341 z
398 5288 539 5345 Vobiscum
553 5305 617 5344 suan
631 5305 718 5361 usqua
733 5289 769 5344 ad
784 5304 918 5345 coaeum·
968 5270 1029 5324 dum
1043 5268 1175 5368 mimmii
1186 5268 1349 5366 ielsshl'afflb
1361 5284 1421 5341 (luae
1431 5268 1492 5340 Plus
1507 5268 1634 5325 Omnibus
1648 5268 1677 5324 in
1691 5285 1770 5343 8⁸20

115 5380 274 5434 mationem
287 5378 386 5434 saculi
400 5377 497 5447 (nata.
514 5378 628 5447 xxvia).
967 5356 1123 5430 Phll³⁰¹¹¹¹¹¹
1138 5366 1220 5412 ¹¹¹¹S12·

154 5467 272 5522 l'erbam
286 5465 357 5538 quod
370 5469 541 5537 factumest.
553 5466 660 5538 (ilina.)
673 5466 736 5522 Non
749 5474 791 5522 est
800 5466 919 5538 positum
1004 5465 1090 5520 Vens.
1109 5466 1152 5519 lh.
1164 5495 1198 5505 -
1208 5464 1249 5521 Aa
1264 5480 1357 5520 vocem
1373 5465 1498 5537 loquela.
1515 5463 1622 5535 (iluna.)
1633 5462 1717 5533 Quasi
1731 5462 1770 5519 di·

113 5554 141 5610 in
156 5554 244 5621 titulo,
265 5568 320 5626 quo
342 5563 476 5625 tempore,
493 5563 544 5621 est,
560 5571 648 5629 atquc
662 5555 747 5613 adad
762 5555 919 5611 virosJuda
969 5561 1012 5610 cat
1029 5570 1035 5607 :
1051 5553 1190 5609 Excitatus
1202 5569 1254 5625 per
1268 5552 1436 5625 superbiam,
1447 5568 1502 5608 non
1512 5552 1650 5608 humiliter
1659 5559 1770 5608 creato-

113 5652 141 5702 et
154 5643 313 5702 Jerusalem
327 5659 417 5700 sermo
431 5643 569 5719 dirigitur.
968 5658 1028 5699 rem
1042 5650 1069 5699 et
1088 5642 1288 5700 dominatorem
1310 5648 1386 5697 tuum
1408 5640 1574 5707 intellexisti,
1599 5639 1648 5697 sed
1671 5646 1769 5699 contra
