3772 6112
55 295 107 349 953
662 289 709 347 DE
727 287 840 348 REBUS
870 284 1160 346 nectastasrtcts.
1664 295 1717 351 eat

57 418 144 474 etiam
158 431 210 488 pro
226 413 559 488 quotidianaedevotionis
575 415 729 488 expletione
746 415 865 472 studium
880 413 1077 476 Asibnectitur
1108 414 1189 486 paulo
1218 413 1331 471 inferius
1357 434 1363 470 :
1396 415 1542 473 dicendum
1567 423 1659 474 tamen
1676 427 1718 476 est

55 506 130 562 istud
146 504 322 578 frequentare
342 504 459 560 videtur.
486 503 591 573 Quibus
616 513 706 560 autern
730 505 805 561 horis
820 505 865 562 vel
913 503 986 559 uude
1001 505 1115 576 sumpsit
1128 503 1234 559 initium
1249 512 1278 560 ut
1291 504 1318 559 in
1343 505 1469 562 Ecclesia
1490 505 1648 577 autiphouae
1667 506 1718 564 de·

56 593 229 667 temporibus
243 594 314 648 inter
328 593 436 665 publiea
446 592 534 650 officia
546 593 603 649 sinc
612 610 733 666 genuum
747 593 863 650 flexione
912 599 1062 648 cantentur.
1085 593 1204 666 {gnatius
1231 593 1381 650 Antiochiae
1412 594 1512 667 Syria,
1536 594 1634 651 tertius
1657 604 1720 668 post

55 684 193 742 orandum
209 684 254 750 sit,
270 697 390 739 canones
405 682 561 755 loquentur,
577 683 655 739 idest
670 683 699 739 in
714 682 863 740 Dominicis
912 682 1065 753 apostolum
1080 683 1187 738 Petrum
1209 683 1365 754 episcopus,
1391 683 1436 756 qui
1458 683 1540 739 etiam
1565 699 1629 741 curn
1651 684 1719 757 ipsis

56 783 83 830 et
103 772 182 829 iestis
206 770 358 841 maioribus
382 780 409 828 et
427 770 674 845 Quinquagasima,
695 773 770 843 juxta
794 787 864 844 quos
915 769 1033 844 degebat
1042 770 1183 843 apostolis,
1195 770 1261 827 vidit
1271 770 1430 842 angelorum
1439 771 1570 829 visionem
1582 773 1719 847 quomodo

56 878 179 922 canones
194 861 303 933 publice
327 860 491 932 poenitentes
520 878 631 934 semper
645 877 736 936 genua
751 862 863 918 flectere
914 859 1077 930 antiphonas
1108 868 1210 916 sancte
1235 859 1355 915 Trinitati
1382 859 1507 916 dicebant
1535 869 1561 916 et
1586 862 1712 933 hymnos.

57 952 171 1031 debent.
189 951 268 1006 llorae
290 949 373 1021 igitur
387 950 537 1019 canonica,
555 951 681 1023 quamvis
709 966 805 1006 omnes
822 967 863 1006 ra·
913 947 994 1020 Isque
1008 948 1121 1004 modum
1135 948 1248 1003 visionis
1265 947 1448 1004 Antiochensi
1463 949 1610 1006 tradidisse
1624 950 1719 1022 proba·

55 1036 150 1097 tionali
165 1039 326 1096 auctoritate
341 1039 522 1108 celebrentur,
541 1047 567 1095 et
582 1039 649 1094 nibil
668 1039 695 1094 in
713 1039 753 1095 eis
765 1040 862 1096 obser·
913 1036 1154 1104 carnosissimae
1174 1053 1207 1093 ex
1227 1037 1280 1094 hoc
1293 1037 1328 1092 ad
1352 1047 1469 1094 cunctas
1488 1039 1611 1094 transivit
1621 1037 1720 1096 Eccle-

55 1128 217 1201 returquod
232 1143 286 1183 non
302 1127 427 1199 exempla
441 1128 484 1183 vel
500 1127 573 1184 dicta
584 1137 739 1184 sanctorum
751 1128 863 1184 Patrum
913 1124 980 1181 sias.
998 1126 1160 1182 Notandum
1177 1127 1296 1199 hymnos
1307 1127 1361 1184 dici
1378 1144 1432 1183 non
1446 1136 1548 1184 tautum
1563 1127 1609 1200 qui
1625 1129 1720 1185 metris

55 1217 228 1284 confirment,
245 1225 337 1273 temen
354 1217 476 1290 quaedam
495 1216 731 1274 manifestioribus
746 1218 864 1274 suntde-
913 1213 958 1270 vel
971 1214 1104 1284 rhythmis
1117 1215 1274 1283 decurrunt,
1300 1218 1395 1289 quales
1417 1226 1628 1289 composuerunt
1652 1219 1720 1274 hm·

55 1308 156 1365 dicatae
171 1305 350 1373 documentis,
368 1314 397 1361 ut
417 1306 508 1377 ipsum
534 1306 682 1362 Dominum
697 1315 820 1363 nostrum
835 1307 864 1362 in
913 1301 1031 1370 brosius,
1047 1302 1204 1359 llilariuset
1218 1304 1290 1360 Beda
1320 1305 1472 1379 Anglomm
1494 1306 1584 1374 Pater,
1607 1314 1634 1362 et
1651 1307 1720 1363 Pru·

57 1396 183 1454 oratioue
207 1396 323 1468 legimus
351 1404 526 1466 pernoctasse
552 1396 629 1466 (Luc.
665 1398 725 1468 vr);
750 1396 863 1451 Paulum
913 1391 1020 1446 dontius
1051 1392 1243 1464 llispaniarum
1279 1395 1467 1463 scholasticus,
1502 1394 1589 1451 etalii
1623 1395 1709 1466 multi,

58 1502 170 1560 quoque
185 1495 211 1541 et
226 1485 311 1540 Silam
326 1484 413 1540 noctis
428 1484 518 1541 medio
534 1500 629 1541 orasse
644 1500 753 1542 carcere
772 1492 864 1542 terrae-
912 1495 1006 1535 rerum
1024 1480 1104 1536 etiam
1119 1489 1231 1539 caeteras
1252 1481 1429 1551 laudationes,
1455 1501 1516 1555 quae
1539 1483 1630 1541 verbis
1651 1500 1717 1541 cou-

57 1584 150 1631 motus
165 1575 284 1630 ostendit
299 1575 371 1642 (iet.
396 1574 467 1644 nvi).
490 1575 566 1630 Circa
585 1574 692 1630 tertiam
708 1575 862 1646 inaposto·
910 1567 1082 1626 venientibus
1104 1577 1130 1625 et
1158 1571 1232 1627 sonis
1264 1572 1388 1628 dulcibus
1419 1572 1600 1644 proteruntur.
1637 1574 1717 1632 Unde

54 1665 99 1721 los
109 1672 219 1720 orantes
236 1663 350 1734 Spiritus
362 1670 472 1718 sanctus
486 1663 628 1719 descendit
643 1664 715 1734 (Act.
731 1665 773 1735 ιι).
790 1665 862 1721 Horo
913 1666 940 1714 et
963 1658 1033 1715 liber
1063 1659 1233 1715 Psalmorum
1264 1663 1336 1733 apud
1367 1663 1500 1718 llebraeos
1532 1663 1601 1720 liber
1631 1663 1714 1737 hym-

56 1756 252 1812 acctoPctrus
268 1753 396 1810 escendit
416 1754 633 1810 incoenocalam
642 1758 674 1810 ut
684 1758 779 1810 oraret
787 1754 860 1824 (Act.
877 1761 1009 1838 Bnnrnnt
1024 1757 1142 1805 vocatur.
1159 1749 1193 1805 Et
1207 1751 1331 1823 quamvis
1354 1751 1381 1806 in
1400 1752 1565 1824 quibusdam
1590 1751 1716 1809 ecclesiis

56 1843 90 1916 x)
99 1863 107 1912 3
116 1843 235 1916 itemque
245 1858 307 1898 cum
317 1841 420 1898 Joauue
429 1842 455 1896 iu
466 1842 638 1914 templumlad
653 1843 750 1898 horam
763 1842 862 1900 oratio·
914 1837 1006 1907 hymni
1019 1838 1124 1895 metrici
1139 1854 1193 1895 uon
1207 1847 1360 1908 cantentur,
1377 1841 1509 1896 tamenin
1526 1841 1653 1898 omnibus
1664 1857 1712 1915 ge·

59 1932 104 1988 uis
124 1946 223 1988 nonam
238 1932 311 2002 (rtet.
329 1934 381 2002 ιιι),
397 1932 424 1986 in
447 1947 498 2004 qua
522 1931 601 1986 etiam
627 1931 712 1987 oranti
735 1931 862 1988 Cornelio
912 1926 1019 1982 nerales
1039 1928 1142 1999 hymni,
1166 1927 1193 1982 id
1212 1935 1254 1983 est
1270 1929 1376 1995 laudes,
1399 1929 1534 1986 dicuntur.
1564 1931 1720 1988 cantandos

56 2021 174 2095 angelus
194 2020 329 2092 apparuit.
346 2020 433 2076 Testis
447 2021 518 2076 enim
534 2020 615 2076 etiam
630 2020 706 2077 Philo
720 2028 733 2056 ⁸
747 2021 862 2092 primiti·
912 2014 993 2070 ctiam
1003 2014 1065 2071 illos
1079 2016 1126 2088 qui
1140 2015 1262 2088 legitime
1276 2019 1612 2090 componuntur,Toletani
1625 2027 1715 2076 aucto·

55 2126 118 2167 vam
134 2110 206 2181 apud
221 2108 421 2165 alexandrinos
441 2109 603 2179 Ecclesiam,
629 2109 699 2165 inter
712 2109 764 2166 aha
779 2110 860 2178 bona,
912 2103 979 2159 ritas
995 2104 1103 2161 concilii
1117 2106 1320 2172 ostendit,inter
1334 2108 1390 2163 alia
1403 2108 1443 2165 sie
1453 2109 1547 2165 dicem
1560 2127 1566 2164 :
1582 2109 1615 2165 Et
1625 2108 1687 2182 quia
1704 2124 1721 2165 a

55 2201 175 2272 hymnos
191 2207 254 2254 ante
270 2198 334 2271 gelli
349 2206 445 2254 cantus
459 2198 571 2254 lucanos
583 2198 747 2254 celebrasse.
764 2199 805 2254 En
820 2199 862 2255 his
911 2194 1048 2249 nonnullis
1060 2210 1160 2268 magno
1175 2196 1264 2251 studio
1280 2195 1308 2250 iu
1320 2196 1429 2252 laudem
1445 2197 1496 2254 Dei
1511 2205 1592 2271 atque
1607 2205 1714 2270 aposto

55 2290 149 2362 itaque
164 2295 190 2344 et
211 2287 344 2343 similibus
370 2287 548 2360 intelligimus
564 2288 636 2358 apud
650 2287 750 2344 multos
769 2289 860 2356 horas,
911 2281 1007 2348 lorum.
1042 2290 1069 2338 et
1100 2292 1249 2356 martyrum
1278 2285 1439 2357 triumphos,
1473 2285 1617 2357 compositi
1658 2303 1720 2344 esse

57 2395 121 2452 quae
135 2385 162 2433 et
175 2393 247 2433 nunc
262 2376 448 2433 celeberrimae
463 2384 534 2445 sunt,
551 2377 722 2439 observatas,
739 2377 788 2434 sed
807 2393 862 2434 non
911 2379 1070 2440 noscuntur,
1100 2373 1169 2427 sicut
1190 2380 1252 2428 suut
1275 2374 1302 2428 hi
1325 2390 1394 2447 quos
1421 2374 1571 2431 beatissimi
1587 2376 1714 2433 doctores

58 2482 94 2524 ea
108 2466 296 2522 distributione
311 2466 478 2537 psalmomm
493 2466 537 2521 vel
556 2467 706 2521 orationum
722 2482 775 2539 qua
789 2483 862 2525 nunu
911 2459 1029 2516 Hilarius
1052 2469 1135 2533 atque
1159 2462 1320 2518 Ambrosius
1342 2463 1512 2520 ediderunt:
1538 2480 1607 2536 quos
1627 2473 1721 2522 tamen

56 2556 171 2613 utimur.
188 2553 275 2624 Quam
299 2562 325 2611 et
346 2555 417 2611 circa
431 2563 553 2627 tempora
576 2555 723 2612 Theodosii
746 2556 862 2612 senioris
912 2548 1019 2621 quidam
1030 2550 1183 2622 spetialiter
1198 2552 1354 2622 reprobant,
1371 2567 1404 2607 en
1423 2552 1496 2624 qnod
1517 2553 1552 2608 de
1575 2554 1717 2626 scripturis

58 2646 226 2710 inchoatam,
242 2660 274 2700 ac
289 2643 420 2714 deinceps
435 2644 578 2714 expletam,
591 2644 682 2699 multis
693 2645 862 2702 animadver-
911 2647 1066 2694 sauctorum
1088 2655 1222 2695 canonum
1244 2641 1288 2696 vel
1310 2640 1460 2712 apostolica
1484 2642 1630 2699 traditione
1658 2659 1714 2701 nou

58 2735 142 2791 timus
159 2732 258 2790 causis.
276 2733 436 2789 ambrosius
454 2733 526 2789 enim
546 2733 766 2803 Mediolanensis,
791 2736 863 2790 utin
912 2728 1062 2784 exsistunt:
1079 2737 1207 2801 respuant
1223 2745 1289 2801 ergo
1304 2740 1329 2786 et
1342 2729 1418 2785 illum
1432 2731 1561 2802 hymnum
1572 2732 1606 2787 ad
1629 2733 1714 2790 omui-

59 2824 138 2880 libris
154 2821 360 2879 Confessionum
384 2838 493 2878 suarum
514 2822 610 2878 beatus
632 2823 800 2896 augustiuus
823 2832 862 2880 te·
911 2817 963 2872 bns
972 2817 1151 2889 compositum
1167 2818 1404 2893 [comprobatum],
1422 2837 1504 2893 quem
1519 2821 1640 2893 quotidie
1654 2839 1709 2895 pu·

59 2920 156 2982 statur,
181 2912 296 2983 hymnos
315 2911 414 2967 divinae
436 2909 599 2967 laudationis
623 2911 724 2984 populo
748 2927 862 2984 compo·
912 2905 984 2962 blico
1000 2905 1160 2980 privatoque
1175 2907 1262 2964 officio
1275 2908 1303 2963 in
1325 2907 1378 2964 fine
1402 2910 1522 2964 omnium
1545 2911 1715 2982 psalmorum

58 3017 139 3070 nens,
167 2999 385 3072 persecutionem
399 2999 511 3056 lustinus
524 3003 655 3073 Augustae
671 3017 763 3057 rerum
787 3001 864 3057 novi.
912 2993 1028 3050 dicimus
1046 2996 1160 3052 :Gloria
1170 3001 1198 3052 ct
1214 2998 1401 3064 ltonorPotri,
1414 3002 1442 3054 ct
1457 2999 1539 3064 Filio,
1551 3004 1579 3055 et
1592 3001 1715 3072 Spiritui

58 3099 114 3148 tate
137 3090 240 3146 lenivit.
269 3089 328 3159 Quo
350 3090 526 3161 intempore,
556 3090 625 3146 sicut
649 3090 730 3145 etiarn
750 3090 779 3175 ip
804 3090 863 3146 Vita
913 3085 1718 3161 aonetoinroeoatorracatorum.Amca;sedetillehym-

57 3180 145 3253 ipsius
161 3179 296 3235 ambrosii
313 3178 449 3245 scribitur,
465 3179 629 3250 antiphonae,
658 3179 751 3251 hymni
772 3187 799 3234 et
823 3180 863 3236 ri·
878 3148 965 3228 Craris
981 3190 1063 3246 quem
1077 3182 1141 3229 nuto
1151 3173 1179 3229 in
1194 3190 1278 3230 carne
1294 3172 1403 3230 Christo
1418 3175 1511 3248 angeli
1532 3177 1691 3234 cecinerunt
1707 3197 1713 3234 :

58 3269 133 3343 giliae
147 3269 174 3323 in
189 3268 313 3325 Ecclesia
336 3268 532 3324 Mediolanensi
557 3268 688 3324 celebrari
711 3277 861 3340 coeperunt.
915 3263 1009 3318 Gloria
1019 3264 1051 3318 in
1062 3264 1255 3330 excelsisllco,
1272 3269 1300 3320 ct
1312 3269 1388 3320 terro
1396 3265 1625 3337 poebominibus
1637 3269 1714 3325 honoe

58 3358 180 3415 Hilarius
188 3374 297 3431 quoque
311 3357 487 3414 Pictaviensis
508 3359 623 3430 hymnos
646 3358 809 3428 composuit.
829 3358 864 3413 Et
913 3352 1091 3418 voluntatir,·
1115 3352 1221 3424 reliqua
1237 3369 1298 3425 quae
1314 3352 1353 3408 ibi
1368 3363 1520 3426 sequuntur
1536 3355 1715 3414 ecclesiastici

58 3448 93 3504 dc
109 3446 219 3503 Gelasio
234 3462 304 3518 papa
320 3446 448 3502 scribitur
463 3446 536 3518 quod
563 3453 692 3502 tractatus
708 3454 735 3503 et
748 3447 864 3518 hymnos
913 3439 1041 3496 doctores
1065 3448 1278 3511 composuerunt
1296 3457 1377 3515 :ergo
1399 3457 1450 3498 nec
1466 3442 1519 3515 ipsi
1543 3444 1572 3499 in
1593 3445 1719 3503 ecelesiis

59 3537 89 3593 in
112 3552 217 3593 morem
238 3536 311 3592 beati
342 3536 479 3592 Ambrosii
511 3536 705 3607 composuerit.
730 3537 864 3592 Damasus
913 3536 1029 3593 canendi
1045 3543 1117 3604 sunt,
1143 3537 1208 3610 quia
1231 3537 1260 3591 in
1279 3545 1436 3594 sanctarum
1451 3539 1656 3612 scripturarum
1681 3544 1719 3600 li·

59 3641 128 3683 vero
152 3625 290 3682 constituit
315 3633 344 3681 ut
362 3625 459 3696 psalmi
483 3625 527 3681 die
541 3633 677 3698 noctuque
702 3634 866 3681 canerentur
913 3633 970 3689 bris
982 3633 1220 3689 noninveniumur
1234 3631 1248 3687 t
1263 3632 1469 3706 Componunrur
1479 3635 1572 3694 missa»
1586 3638 1644 3695 sive
1655 3656 1719 3712 pre.

58 3732 110 3788 W
124 3731 220 3770 ⁰¹¹¹¹¹⁰³
235 3714 365 3771 ⁰0⁰¹⁰⁵l³⁸
380 3714 423 3769 vel
438 3714 612 3784 m⁰ss⁸Slssllli
630 3722 656 3769 0¹
670 3714 802 3786 praecepit
812 3715 864 3772 *¹⁰⁰
915 3731 1015 3790 cesvel
1029 3731 1175 3802 orationes,
1193 3731 1250 3788 sive
1264 3732 1524 3800 commendationes,
1549 3751 1598 3792 seu
1613 3752 1711 3794 manus

61 3804 199 3877 θρῑὸθθῐῄ5
212 3811 239 3859 0²
261 3803 439 3875 Psffibllesis·
465 3803 569 3859 Deinde
592 3805 713 3859 J⁰⁸¹¹¹¹0⁸
736 3803 864 3876 [Chim
914 3828 1112 3902 impositiones,
1129 3829 1283 3902 exquibus,
1300 3830 1409 3885 sinulla
1425 3831 1606 3888 decantantur
1624 3833 1719 3892 quc·

60 3891 176 3992 ⁸²⁰¹¹¹¹fsl
198 3892 513 3992 C⁰nff¹³¹¹¹i⁰f³p⁰¹i¹a⁰¹¹⁵
541 3893 645 3964 primus
675 3892 749 3994 mit
765 3891 794 3948 in
815 3908 864 3949 ¹¹⁰⁸
915 3928 1009 3998 clesia,
1025 3936 1122 3985 vacant
1136 3930 1228 3986 omnia
1242 3927 1537 3988 officiaecclesiastica.
1553 3932 1602 3988 His
1625 3934 1719 3992 uerbis

60 3990 164 4038 emtum
175 3982 282 4054 hymms
296 3989 444 4049 ‘names'
460 3982 496 4037 οὔ
511 3983 581 4037 ham
601 3982 644 4037 vel
659 3998 775 4038 mmm
796 3997 863 4039 ω’
914 4027 1065 4084 ostenditur
1080 4026 1165 4083 multa
1180 4027 1207 4082 in
1221 4027 1347 4084 Ecclesia
1359 4028 1468 4085 noviter
1486 4032 1623 4103 componi,
1649 4048 1711 4105 qum

61 4087 146 4128 sam:
171 4070 264 4126 Ariani
288 4079 365 4126 extra
396 4070 532 4127 civitatem
556 4071 684 4128 collectas
708 4072 825 4146 agebant
854 4091 861 4140 ς
1010 4125 1015 4136 ,
1095 4125 1100 4137 ,
1275 4127 1280 4136 ,
1323 4127 1329 4137 ,
1675 4131 1691 4144 ,,

60 4159 174 4216 sabbato
198 4167 287 4215 amem
302 4159 533 4233 atquenominica
553 4160 621 4216 imm
638 4169 733 4232 portas
755 4170 781 4218 et
795 4177 863 4233 por·
915 4141 970 4182 nou
994 4134 1057 4193 sint,
1079 4143 1102 4182 sr
1116 4142 1131 4181 a
1146 4125 1200 4182 side
1224 4134 1345 4183 veritatis
1362 4144 1416 4184 non
1440 4129 1614 4200 abhorreant,
1636 4132 1711 4202 abyr·

59 4250 131 4307 deus
146 4249 314 4322 congregati,
336 4249 451 4321 hymnos
472 4257 498 4305 ct
518 4249 684 4321 antiphonas
706 4266 739 4306 ex
761 4251 863 4307 ariano
914 4223 1021 4279 denda·
1038 4225 1120 4280 P⁰ss⁰
1139 4224 1233 4296 hymni
1257 4225 1362 4282 marici
1391 4241 1424 4283 ³⁰
1440 4228 1584 4299 rhythmi&
1606 4228 1635 4286 5¹¹
1653 4231 1719 4286 ΑΜ·

58 4338 191 4410 dogmaye
213 4338 377 4409 compospas
394 4338 575 4394 decanyabany
601 4356 609 4406 3
631 4349 658 4395 ey
673 4339 725 4396 hoc
746 4340 864 4397 maxima
915 4321 1050 4379 bresianis
1066 4321 1161 4378 officiis
1175 4322 1312 4392 dicuntur,
1331 4340 1400 4398 quos
1416 4326 1495 4382 etiam
1505 4326 1589 4400 aliqui
1604 4326 1633 4384 in
1648 4327 1718 4384 mis·
1781 4380 1785 4389 ,

58 4428 240 4499 noerupans
254 4425 395 4493 facientes,
411 4427 603 4485 cuumtoeum
626 4429 691 4500 ipsis
707 4429 862 4501 antiphonis
915 4435 1007 4476 samm
1040 4420 1181 4477 solemniis
1211 4430 1325 4494 propter
1347 4424 1563 4495 cumpunctionis
1586 4425 1715 4499 gratiam,

57 4533 111 4591 per
134 4516 251 4572 mediam
276 4515 421 4583 civitatem,
447 4517 565 4588 ingressi
584 4525 698 4590 portam,
724 4518 760 4574 ad
783 4512 895 4574 suamD
911 4534 1013 4591 quaeeu
1026 4518 1170 4575 dulcedine
1190 4520 1326 4577 concinna
1340 4522 1612 4594 augeturinterdum
1635 4538 1715 4580 assu-

57 4605 207 4662 ecclesiam
221 4606 429 4662 concurrebant.
448 4604 571 4678 Cumque
594 4607 645 4663 hoc
660 4606 769 4674 crebro,
786 4608 864 4680 quasi
915 4634 992 4674 mere
1019 4626 1227 4674 consueverunt.
1251 4617 1377 4675 Traditur
1399 4620 1534 4694 siquidem
1563 4621 1716 4692 Paulinum,

59 4695 96 4751 ad
110 4694 337 4766 vituperationem
352 4695 574 4760 orthodoxorum,
591 4695 680 4751 facere
697 4711 752 4751 uon
771 4712 864 4753 cessa·
914 4713 1127 4784 posojuyensem
1154 4713 1347 4786 patriarcham,
1371 4716 1482 4788 smus,
1502 4724 1528 4773 ey
1549 4717 1667 4776 maxime
1690 4718 1719 4776 in

61 4791 123 4839 ‘⁰¹¹²
155 4781 323 4882 (ffedlesslel
344 4799 416 4839 emm
439 4784 519 4839 ellam
542 4784 594 4840 ¹¹⁰⁰
616 4785 759 4841 cambam
784 4803 791 4839 ²
813 4786 864 4843 Ubi
913 4812 1028 4885 privatis
1050 4813 1154 4880 missis,
1179 4812 1252 4870 circa
1286 4813 1499 4870 immolationem
1531 4824 1716 4874 sacramento·

59 4880 123 4928 ⁵⁰⁰¹
140 4887 186 4944 ‘1¹¹¹
204 4872 296 4927 dmum
319 4879 374 4927 “¹³
392 4880 489 4929 ‘'¹⁸¹¹oe
502 4875 629 4945 ΠΜ»
649 4882 712 4931 ‘¹¹⁰⁰
731 4876 862 4944 ³⁰³¹¹¹¹⁰⁸t
913 4928 973 4968 rum
987 4912 1103 4983 hymnos
1122 4911 1213 4967 veleb
1241 4911 1302 4967 aliis
1319 4911 1362 4967 vel
1378 4928 1393 4966 a
1408 4928 1438 4967 se
1454 4914 1621 4986 compositos
1638 4916 1712 4974 cele·

60 4977 98 5060 ¹¹⁰.
118 4960 256 5032 simpfiw
271 4961 425 5030 hnj⁰⁸m⁰di
450 4963 573 5061 iambus
588 4964 769 5031 tmherentur’
786 4965 865 5021 Μ’
914 5011 1009 5067 brasse
1035 5009 1360 5083 Egoveroerediderium
1372 5019 1563 5071 tantumtantre
1602 5014 1714 5074 escien-

58 5057 112 5105 um
126 5066 208 5106 suum
222 5050 353 5122 popum
368 5058 397 5106 υἱ
421 5060 446 5106 et
461 5053 513 5123 ¹p⁵i
535 5053 675 5110 nocturnis
690 5069 864 5127 occuparem
913 5107 957 5165 tiae
972 5053 1060 5163 virum
1074 5108 1126 5164 hoc
1141 5124 1194 5166 nec
1209 5108 1267 5165 sine
1287 5109 1446 5167 auctoritate
1478 5127 1529 5170 neo
1551 5032 1611 5170 sirie
1625 5115 1696 5173 ratio

1449 5155 1455 5176 a
1698 5146 1713 5159 ⁸
1744 5174 1748 5182 .

58 5146 105 5195 tur
118 5139 236 5210 hymnis,
253 5147 388 5211 quatenus
406 5149 433 5196 et
456 5140 565 5197 illorum
578 5144 770 5200 obscuraretur
794 5160 863 5217 opus

913 5209 956 5266 nis
973 5207 1170 5281 ponderatione
1192 5207 1300 5265 iecisse.
1325 5208 1357 5263 ln
1387 5207 1482 5266 officiis
1515 5229 1624 5287 quoquc
1654 5229 1715 5288 quaa

59 5244 88 5294 ct
101 5235 223 5292 fidelium
232 5236 369 5309 professio
379 5237 540 5296 firmaretur.
557 5240 679 5297 Studium
697 5258 764 5316 ergo
778 5243 863 5299 Joau·

60 5334 106 5391 nis
126 5335 208 5391 nimis
222 5335 286 5392 mile
302 5351 364 5393 cum
389 5338 466 5393 [urba
479 5338 660 5411 periculisque
684 5338 789 5397 finitum
811 5349 861 5398 est·
912 5309 1008 5364 beatus
1018 5307 1179 5364 Benedictus
1193 5307 1289 5376 abbas,
1305 5307 1380 5363 omni
1393 5309 1535 5369 sanctitate
1549 5312 1714 5385 precipuus,

60 5433 127 5489 ilaee
149 5433 176 5488 in
195 5432 302 5490 decimo
323 5433 393 5489 libro
416 5435 541 5491 Historia
569 5437 771 5509 ecclesiastieae,
803 5456 864 5512 quae
912 5406 1054 5472 ffldfflffl’
1081 5406 1173 5477 hymm
1200 5405 1326 5463 &cuntur
1351 5424 1402 5480 per
1435 5409 1516 5465 [ΜΒ
1541 5409 1711 5466 ⁰⁰⁰⁰¹¹i⁰⁸⁸²

59 5529 207 5602 Tripartita
225 5530 334 5597 dicitur,
352 5530 387 5585 ita
400 5532 577 5602 insemntur;
598 5535 738 5608 inquibus
761 5544 787 5593 et
811 5538 863 5595 hoc
912 5520 980 5579 ‘1⁰⁰³
995 5502 1188 5561 Ambs⁰³i³n⁰⁵
1209 5503 1268 5577 ipse
1292 5506 1445 5578 ΨΜ
1460 5506 1504 5563 vel
1522 5505 1584 5561 ffl⁰⁸
1600 5505 1657 5563 vult
1670 5507 1713 5562 ω’

911 5602 997 5676 telligi
1012 5618 1082 5675 quos
1096 5601 1212 5659 coniecit
1234 5603 1405 5673 Ambrosius,
1424 5604 1468 5661 rel
1487 5603 1556 5661 alios
1565 5603 1601 5660 ab
1625 5603 1713 5663 imita·

88 5705 287 5757 ·ntoeaasebti
309 5707 372 5758 utet.
384 5709 443 5758 acet.
911 5698 1014 5759 tiencm
1033 5698 1277 5760 ambrosianorum
1297 5699 1471 5775 compositos.
1496 5698 1644 5759 Sciendum
1666 5711 1706 5761 ta·
