3772 6112
118 311 168 366 tro
366 309 568 372 wmlrnrm
584 313 705 371 santur
718 313 819 371 runo.
834 311 1011 371 nonore.
1027 273 1117 371 rtis
1130 313 1152 371 1.
1167 343 1201 357 -
1216 313 1457 373 raaonoorcr.

521 520 831 606 EVANGELIUM
857 520 1116 605 SECUNDUM
1140 521 1353 605 Manent.

283 755 469 816 PROLOGUS
485 757 516 814 B.
537 756 746 816 amnentur.
923 760 951 822 Α
966 759 1010 816 ria
1024 767 1129 827 euntes,
1145 759 1284 831 proximos
1304 758 1451 831 diligamus
1464 767 1493 816 ut
1505 774 1567 830 nos,
1581 768 1611 818 et
1623 775 1649 817 nt

373 873 453 944 (pig,
469 873 558 948 opem
573 875 656 946 ejus.)
963 865 1050 922 arque
1063 848 1100 905 ad
1114 855 1143 904 ut
1157 864 1211 905 non
1227 857 1366 920 separetur
1379 863 1412 906 oa
1424 849 1459 904 ab
1475 864 1569 922 opere,
1581 864 1637 909 noo

963 952 1022 993 or.

338 985 480 1045 CAPUT
512 986 691 1045 PRIMUM·
997 953 1109 1082 eSemitae
1132 1034 1194 1098 post
1217 1026 1298 1096 rium,
1325 1027 1390 1099 quia
1412 1028 1540 1083 mandata
1566 1043 1648 1086 mora

151 1104 447 1163 Vans.l.-lrtitium
456 1103 913 1177 usurpatamlsrnlttmngelium,
965 1115 1151 1187 poenirentiam
1166 1116 1315 1187 seeundum
1338 1117 1458 1173 Murcum
1481 1116 1525 1173 vel
1547 1117 1648 1175 Momm

116 1192 187 1249 torta
201 1194 397 1261 anneottotio,
421 1191 493 1265 quod
516 1191 626 1264 proprie
648 1192 682 1248 ad
697 1209 811 1265 regnum
825 1194 876 1249 Dei
890 1203 916 1250 et
964 1204 1115 1275 plantantur.
1142 1206 1253 1260 Paratur
1274 1205 1317 1261 via
1339 1221 1390 1276 per
1411 1204 1495 1263 fidem
1512 1214 1540 1262 et
1560 1205 1647 1279 baptis

116 1280 307 1338 remissionem
327 1289 501 1352 peccatorum
522 1280 648 1352 pertinet.
673 1280 752 1338 Unde
768 1299 775 1338 :
790 1284 916 1339 Poerrite-
965 1292 1161 1364 paenitentiam.

116 1371 192 1427 mini
205 1375 234 1427 ct
246 1368 353 1427 credite
377 1370 527 1442 Evorpelt'o
541 1389 551 1425 .·
566 1373 595 1427 et
615 1371 851 1445 appropinquavit
872 1389 917 1429 re·
1001 1381 1092 1439 {tectae
1116 1382 1219 1439 semitm
1243 1399 1292 1454 per
1312 1392 1423 1440 austera
1445 1383 1548 1441 indicia
1562 1383 1647 1442 reads

115 1474 206 1530 prtum
220 1458 364 1514 eororam.
966 1469 1030 1535 cibi,
1041 1478 1130 1541 potus,
1147 1471 1223 1527 vocis
1236 1471 1405 1528 humillima.

151 1545 258 1618 (thn.)
274 1545 394 1615 Quatuor
408 1546 556 1618 Evangelia
580 1562 664 1602 unum
688 1555 760 1615 sunt,
785 1556 811 1604 ot
834 1566 917 1605 unum
1003 1560 1087 1615 Vnus.
1104 1561 1129 1614 t.
1146 1589 1181 1601 -
1195 1562 1327 1616 loannes.
1344 1561 1436 1632 (lem.)
1457 1560 1551 1617 Gratia
1565 1560 1646 1618 Dei..

117 1642 239 1707 quatuor.
257 1635 350 1708 ltaque
364 1644 391 1691 et
405 1635 485 1692 llarei
500 1635 569 1692 liber
583 1635 876 1709 diciturllvangelium,
892 1646 918 1695 et
966 1646 1017 1703 nei
1040 1647 1148 1718 incipit,
1175 1647 1248 1703 unde
1270 1648 1393 1722 sequitur
1417 1667 1423 1702 ε
1448 1651 1616 1722 Baptismus,
1637 1666 1646 1706 t

116 1723 238 1780 similiter
247 1723 359 1780 aliorum
371 1742 378 1781 :
389 1725 451 1796 quia
464 1740 548 1780 unum
561 1724 662 1792 omnia,
679 1734 705 1783 et
721 1726 811 1782 omnia
821 1743 915 1784 unum.
967 1736 1132 1807 baptismum
1146 1745 1257 1808 peccata
1272 1737 1453 1806 disnitruntur3
1469 1738 1542 1794 unde
1558 1756 1565 1793 :
1582 1737 1645 1810 Quo

152 1815 219 1871 lesa
234 1812 350 1869 Christi.
371 1812 478 1884 (illan.)
491 1815 571 1869 lesus
585 1814 728 1882 Hebraico,
744 1815 822 1871 Soter
837 1815 917 1872 Grae·
967 1827 1125 1898 accepistis,
1150 1828 1240 1898 pratis
1261 1825 1327 1882 date
1350 1827 1461 1896 (Matri.
1477 1827 1519 1897 x).
1539 1827 1573 1884 Et
1596 1831 1645 1901 Ape

116 1915 158 1968 oe,
184 1901 306 1958 Salvator
327 1900 430 1966 Latirre,
455 1901 578 1957 Christus
603 1902 707 1970 Graeee,
732 1903 845 1959 Messias
860 1904 917 1960 lle-
970 1914 1069 1971 Gratia
1084 1915 1187 1970 salvati
1203 1917 1270 1971 estis
1285 1916 1396 1989 (Epire.
1413 1916 1456 1988 rr).

116 1989 219 2057 braioe,
242 1997 339 2046 unctus
360 1989 464 2056 Latine,
480 1990 508 2045 id
524 1999 576 2053 est,
592 2007 640 2048 rex
655 1991 782 2048 sacerdos
799 2009 806 2047 :
823 1992 919 2049 dicitur
1003 2004 1167 2076 Baptismus.
1183 2003 1290 2074 (llum.)
1304 2003 1471 2075 Baptismum
1493 2002 1644 2075 poenitentis

115 2078 152 2138 de
166 2093 268 2152 genera
282 2078 369 2135 David
383 2078 466 2150 regis,
483 2087 509 2135 et
522 2078 652 2136 Levitico·
968 2091 1132 2163 baptismum
1146 2091 1175 2146 tn
1190 2092 1381 2149 remissionem
1404 2101 1579 2164 peecatorum
1600 2109 1644 2166 ps

152 2169 221 2224 Filii
234 2167 295 2224 Dei.
307 2167 418 2239 (Bm.)
434 2167 572 2224 Uutlhaeus
587 2167 670 2223 dicit:
687 2168 744 2239 filii
756 2170 845 2226 David
859 2169 916 2240 filii
967 2187 1058 2237 tamen
1073 2195 1128 2236 non
1143 2181 1226 2236 dedit,
1243 2181 1318 2238 Sicut
1332 2182 1533 2252 praedicatione,
1551 2190 1616 2250 eim,
1633 2199 1644 2241 a

56 2306 60 2312 ,
116 2255 258 2316 Abrohom
272 2255 383 2326 (liduit.
399 2255 430 2326 1).
448 2255 552 2312 Karous
567 2255 649 2312 dicit:
664 2256 721 2327 filii
735 2259 795 2325 Dei,
810 2266 919 2330 utpau·
968 2283 1101 2340 nuncpep
1123 2269 1240 2325 amicum
1264 2270 1358 2343 sponsi
1381 2269 1517 2326 inducitur
1541 2285 1643 2342 sponso

114 2344 191 2402 leiim
205 2361 220 2401 1¹
232 2343 381 2400 11111¹0¹ih¹¹⁸
396 2344 432 2399 ad
445 2345 556 2413 11181018,
580 2353 643 2412 θῑθη
665 2362 752 2418 respue
776 2346 813 2402 ud
835 2346 918 2402 J0²111·
968 2358 1052 2414 becea
1066 2358 1152 2427 lsaac,
1168 2375 1217 2429 per
1230 2375 1345 2430 puerum
1358 2358 1443 2430 pallio
1453 2359 1515 2415 albo
1529 2358 1626 2416 velata.

117 2449 167 2491 nos
181 2434 216 2491 ab
231 2432 379 2490 {eternitate
393 2431 476 2491 vernt
490 2432 541 2489 Dei
554 2432 671 2501 inchoat,
683 2432 710 2490 in
721 2435 918 2492 resurreetione
1005 2446 1089 2501 Vens.
1107 2449 1132 2502 5.
1149 2476 1184 2488 -·
1198 2448 1231 2504 lo
1245 2447 1377 2504 terdone.
1393 2423 1459 2519 (lm)
1474 2447 1602 2504 lordonis
1616 2446 1643 2505 tl

119 2521 229 2580 Domini
243 2529 420 2580 consummat.
969 2533 1086 2601 scansio,
1103 2534 1149 2590 nbi
1163 2544 1275 2607 peccata
1300 2535 1485 2593 absolvuntur.
1508 2539 1581 2594 Area
1603 2536 1643 2594 eti

152 2610 238 2668 Vm·
253 2614 279 2668 2·
296 2641 331 2653 ·
347 2612 581 2683 510111101111111711
601 2614 652 2668 631·
674 2611 781 2667 flamus
802 2612 918 2684 prophe·
968 2640 1055 2696 respue
1069 2623 1106 2679 od
1121 2640 1222 2696 corpus
1238 2624 1345 2692 Christi,
1363 2641 1419 2681 non
1432 2625 1569 2681 mundatis
1581 2640 1639 2684 non

117 2706 204 2756 tarum
218 2699 373 2755 testimonia
386 2698 524 2771 praemittit
536 2698 634 2771 quihus
648 2699 706 2756 haee
720 2707 811 2756 velera
827 2709 853 2756 et
864 2716 919 2756 non
968 2711 1018 2767 sed
1033 2711 1061 2766 tn
1074 2710 1195 2768 deterius
1208 2721 1302 2769 murat,
1413 2711 1417 2717 “

115 2801 197 2853 11018,
221 2786 269 2842 Sed
282 2802 298 2841 θ
312 2786 449 2858 1³1⁰thelis
464 2786 588 2859 Plaescila
613 2794 639 2843 0²
660 2787 790 2859 Plffldicffl
811 2790 916 2855 asserii·
1007 2801 1187 2871 Confitentes,
1199 2810 1250 2858 etc.
1263 2802 1329 2874 (ln.)
1344 2804 1486 2875 Confessio
1497 2807 1526 2860 et
1537 2803 1642 2876 palcis·

115 2875 144 2934 in
165 2891 219 2948 (111⁰
233 2883 261 2931 θῑ
274 2875 383 2931 JUdaeOS
406 2875 452 2946 qui
473 2875 564 2946 legem
579 2883 606 2930 θῑ
620 2875 768 2947 111011]θωῦ
791 2893 919 2948 suscep&
969 2894 1120 2963 conspecta
1133 2893 1193 2963 ejus
1209 2891 1295 2961 (Psol.
1311 2892 1388 2962 cxv),
1405 2891 1431 2946 id
1446 2899 1488 2948 est
1502 2890 1607 2963 sponsi.
1623 2892 1642 2951 t

117 2972 176 3023 rant
189 2964 223 3020 ad
237 2963 418 3037 Evangelium
431 2963 526 3019 invitat
542 2980 549 3018 :
566 2974 592 3020 et
606 2963 724 3036 gentiles
738 2965 784 3037 qui
798 2967 920 3038 Evango·
969 2977 1023 3032 silit
1046 2993 1145 3050 sponsa
1168 2978 1202 3035 de
1225 2979 1340 3046 camelo,
1367 2995 1428 3036 cum
1450 2997 1480 3037 se
1501 2979 1626 3037 humiliar

116 3052 184 3110 lium
198 3050 325 3109 tenebant
340 3050 375 3106 ad
389 3050 590 3108 venerationem
604 3052 674 3124 legis
688 3062 715 3109 et
728 3054 920 3126 prophetarum
969 3066 1087 3132 christo,
1105 3067 1151 3139 qut
1170 3066 1302 3141 figuratur
1325 3085 1375 3139 per
1399 3070 1485 3138 lgm,
1501 3069 1529 3124 in
1542 3069 1641 3139 cuju„

68 3158 71 3162 ’
117 3148 257 3215 provocat,
272 3155 307 3198 ne
321 3139 381 3214 quis
392 3139 470 3210 juxto
483 3140 625 3198 haereticos
636 3141 748 3199 alterum
763 3143 823 3199 sine
836 3143 919 3200 altero
970 3155 1056 3210 risum
1076 3155 1138 3212 fecit
1161 3157 1234 3212 Deus
1258 3156 1341 3213 Sarae,
1366 3157 1440 3213 Sicut
1464 3157 1499 3213 ad
1523 3157 1638 3214 Marirm

120 3228 258 3302 suscipiet·
948 3275 952 3283 ·
970 3261 1030 3317 qum
1044 3253 1085 3301 est
1098 3244 1228 3317 princeps
1242 3261 1303 3302 curn
1319 3247 1395 3301 Deo:
1413 3247 1563 3303 Benedicta
1580 3248 1640 3305 tui

154 3319 224 3376 Ecce
238 3320 331 3376 mitto.
346 3318 457 3389 (Bane.)
476 3317 599 3391 Angelus
621 3319 717 3376 dieitur
731 3320 850 3377 loannes
864 3336 919 3377 non
968 3332 1046 3390 ritae
1062 3334 1139 3404 (Luc,
1155 3333 1186 3404 ι),

119 3407 247 3465 societate
261 3415 372 3477 naturae,
388 3415 417 3462 ut
429 3407 556 3463 mentitur
569 3407 715 3480 Origenes,
727 3408 776 3467 sed
790 3408 870 3466 officii
882 3410 920 3465 di·
1003 3421 1115 3493 (pm)
1130 3421 1296 3478 confitentes
1316 3430 1428 3494 peccans
1450 3438 1500 3479 sua
1519 3422 1640 3495 baptism

119 3496 221 3570 gnitate
237 3507 250 3552 ε’
261 3496 331 3553 sicut
345 3503 371 3553 et
385 3495 549 3563 sacerdotes,
568 3496 715 3571 dequibus
730 3498 829 3555 dieitur
845 3517 851 3554 ε
867 3476 955 3556 La·C
970 3510 1036 3566 henr
1055 3510 1128 3567 enim
1150 3510 1272 3567 melioris
1294 3511 1355 3567 vitae
1369 3511 1516 3568 novitatem
1539 3511 1639 3583 promit

119 3587 166 3646 lio
176 3586 329 3643 recedetis
339 3586 504 3643 custodierat
513 3587 675 3654 scientiam,
687 3591 716 3643 et
726 3587 813 3668 tepere
824 3590 922 3661 eequi-
968 3598 1141 3670 baptismum,
1160 3607 1224 3665 etc„
1240 3617 1327 3673 usque
1341 3600 1378 3656 ad
1390 3609 1415 3656 er
1430 3600 1469 3657 sie
1483 3601 1631 3658 mundatos

120 3678 241 3734 cortex
255 3677 384 3836 ονςθβίιδ,
402 3675 468 3748 quta
483 3675 601 3748 “notius
614 3677 729 3733 Domini
739 3679 921 3734 exercituum
970 3704 1033 3743 nam
1052 3688 1213 3762 religionem
1235 3688 1423 3759 promittentes
1446 3690 1474 3745 in
1496 3689 1631 3749 Ecclesiae

122 3769 166 3822 est
178 3765 255 3837 (liat.
270 3779 291 3819 u
307 3804 313 3820 .
799 3764 803 3769 ⁴
971 3785 1118 3834 commuto.

156 3879 222 3951 (ln.)
236 3880 307 3935 Nota
320 3879 393 3951 quod
408 3879 459 3935 troo
474 3878 676 3936 testimonium:
692 3881 762 3937 Eece
776 3896 823 3951 epo
837 3883 921 3937 mitto
1006 3866 1091 3921 VERS·
1106 3867 1132 3920 θ’
1148 3895 1183 3908 ··
1198 3867 1235 3921 Et
1247 3870 1309 3923 titt
1329 3869 1460 3934 loannes,
1484 3875 1536 3923 eit·
1560 3866 1638 3940 (Hm

121 3968 264 4040 eupolum,
280 3974 345 4032 eto,
363 3964 503 4022 Malachiae
518 3975 568 4033 est,
584 3975 725 4039 utrumque
747 3976 838 4025 tamen
858 3967 923 4024 dicit
971 3954 1112 4026 l³s⁰llhetae
1126 3961 1152 4009 ⁰²
1165 3954 1242 4011 Cibus
1265 3963 1291 4010 ⁰1
1313 3964 1402 4026 110ῑῦ5,
1429 3963 1512 4012 101111]
1536 3962 1638 4014 ausim

119 4054 198 4111 taeta
217 4069 288 4120 esse,
305 4053 377 4125 quia,
403 4062 466 4122 etp,
492 4071 579 4128 usque
602 4056 638 4111 od
661 4071 757 4112 omnes
780 4057 922 4128 prophetae
971 4041 1177 4114 Plaedifflmium
1191 4041 1360 4114 Signififflsslr
1377 4052 1405 4100 θῑ
1418 4052 1533 4117 gentes,
1548 4053 1621 4114 eta..

120 4157 175 4198 uno
191 4140 287 4215 spiritu
301 4141 382 4197 locuti
398 4150 460 4197 sunt
476 4142 555 4214 quasi
569 4158 623 4198 uno
636 4158 692 4199 ore.
973 4131 1034 4202 (luia
1052 4131 1173 4187 0111Ηίᾶᾶ
1189 4131 1276 4205 gralia
1298 4133 1450 4204 Evangelii,
1477 4133 1504 4187 in
1528 4148 1583 4206 qut
1606 4146 1637 4191 nt

973 4219 1080 4276 stinotio
1094 4220 1180 4277 ludaei
1195 4228 1221 4275 et
1237 4221 1336 4277 Graeei.

1009 4308 1119 4380 (Banu.)
1138 4311 1257 4366 Vestitus
1271 4311 1339 4382 pilis
1353 4310 1465 4366 cameli.
1491 4308 1560 4380 Quia
1582 4325 1636 4382 poe

973 4396 1049 4466 fovit,
1061 4398 1109 4453 sed
1123 4413 1221 4469 aspere
1235 4397 1394 4469 increpavit,
1407 4398 1501 4455 dicens
1514 4416 1520 4454 :
1535 4400 1636 4457 Certim

973 4503 1081 4553 rorem,
1098 4494 1149 4543 eto.
1166 4489 1239 4542 Zona
1262 4486 1385 4558 pellicea,
1412 4495 1475 4554 eto,
1499 4503 1586 4560 osque
1600 4487 1636 4546 od

156 4258 243 4314 Vsus.
259 4259 285 4312 3.
302 4286 337 4298 -
353 4257 521 4314 Clementis.
545 4258 636 4329 (lsrn.)
660 4257 701 4313 lid
724 4257 833 4314 ludaeos
859 4274 921 4314 sur-

120 4347 171 4404 dos
194 4355 305 4420 propter
332 4355 443 4418 peecata
473 4346 555 4418 longe
583 4345 704 4418 positos,
729 4345 922 4420 indignationis

121 4437 242 4494 clamore
267 4435 375 4508 dignos.
402 4437 434 4491 ln
458 4434 576 4491 deserto.
594 4435 624 4490 lu
638 4436 747 4491 deserto
770 4434 799 4492 fit
822 4452 874 4493 vox
897 4446 924 4493 et

122 4525 225 4582 clamor
241 4543 248 4581 ε
265 4525 329 4597 quia
343 4524 451 4581 deserta
474 4523 571 4579 domus
585 4523 679 4578 tudae
692 4539 791 4580 vacans
814 4534 925 4598 scopata

122 4613 183 4671 sine
197 4614 293 4685 spiritu
315 4613 374 4681 Dei,
399 4614 542 4686 propheto,
569 4628 644 4686 rege,
668 4614 818 4670 sacerdote.
845 4615 923 4671 Unde

121 4702 202 4760 lesus
216 4709 242 4758 et
256 4702 374 4758 loannes
389 4710 513 4774 quaerunt
536 4701 608 4774 quod
619 4701 647 4756 in
662 4702 772 4758 deserto
793 4701 923 4758 omissum

120 4798 171 4848 est.
187 4789 240 4847 Ubi
253 4789 317 4845 uicit
330 4789 462 4856 diabolus,
479 4791 515 4845 ibi
530 4790 645 4848 vincitur
660 4808 666 4844 ε
682 4790 728 4847 ubi
751 4790 849 4847 cecidit
863 4793 914 4848 ho-

122 4895 177 4948 mo,
195 4877 234 4933 ibi
248 4877 376 4951 resurgit.

975 4575 1047 4631 enim
1061 4576 1187 4644 dulcedo,
1203 4575 1231 4630 in
1246 4575 1349 4632 locusta
1365 4576 1456 4633 alacer
1471 4575 1587 4644 volatus,
1604 4591 1635 4634 ae

975 4664 1082 4722 ciduus.

1010 4754 1095 4809 Vnus.
1112 4754 1138 4808 7.
1155 4783 1189 4794 —
1204 4754 1312 4810 Fortior
1334 4770 1389 4810 me.
1413 4752 1520 4825 (Iliun.)
1535 4751 1635 4823 Quisit

927 4842 954 4904 D
969 4842 1058 4915 gratia
1074 4857 1129 4914 qua
1144 4842 1288 4897 abluuntur
1301 4841 1436 4913 peccatu?
1451 4841 1501 4897 llle
1524 4841 1580 4914 qui,
1605 4850 1635 4900 et

62 5054 66 5061 .
157 4997 274 5051 Parate.
300 4994 391 5066 (lara.)
414 4993 603 5051 Poenitentiam
626 4995 698 5069 agite
722 5003 748 5052 et
769 4995 923 5067 praedicate.
975 4931 1156 5092 ggrgznlffque
1171 4931 1205 4986 ad
1221 4939 1328 4986 eentum
1352 4931 1533 5002 quadraginta
1555 4939 1635 5003 quatu

124 5083 205 5180 Unde
220 5082 369 5139 Parasceue
383 5091 444 5140 ante
465 5083 615 5152 sabbatum,
640 5092 703 5154 eta,
729 5100 815 5159 usqae
836 5085 872 5142 od
896 5094 925 5143 ut
1011 5109 1120 5167 Solvere
1134 5110 1296 5181 compium,
1312 5108 1423 5180 (Bm)
1439 5107 1533 5165 Modus
1548 5106 1598 5163 sup
1612 5122 1634 5180 ,l

122 5171 315 5244 possideamus
330 5171 413 5243 quieti
426 5179 523 5227 terram
538 5172 757 5229 desiderabilem.
974 5213 1029 5264 res,
1045 5205 1074 5251 u,
1089 5197 1112 5252 si
1126 5198 1186 5269 quis
1209 5213 1269 5253 eam
1290 5214 1350 5270 quae
1372 5197 1424 5252 sibi
1448 5204 1626 5268 competeret,

165 5286 242 5342 Viam
256 5288 379 5344 Domini.
396 5286 503 5356 (Hiran.)
517 5286 565 5340 Via
587 5285 696 5341 Domini
710 5302 762 5358 qua
777 5287 813 5343 ad
832 5288 922 5342 homi-
973 5301 1085 5341 uxorem
1100 5285 1192 5352 nollet,
1209 5286 1265 5352 ille,
1282 5295 1345 5354 eto,
1370 5285 1506 5359 usquead
1520 5285 1633 5357 lledemp

121 5389 172 5432 nes
186 5373 345 5446 ingreditur,
361 5373 580 5446 poenitontiaest,
593 5389 732 5447 perquam
745 5376 923 5432 aduosDeus
974 5374 1053 5447 stigio
1076 5374 1178 5429 nudare
1201 5390 1257 5429 non
1281 5375 1368 5441 valeo,
1384 5373 1447 5446 quia
1466 5375 1560 5446 spousi
1584 5389 1633 5431 not

120 5461 272 5530 deseendit,
289 5469 314 5519 et
327 5477 378 5518 nos
392 5460 426 5517 ad
441 5460 518 5517 illum
538 5463 720 5519 ascendimus.
737 5463 815 5521 Unde
829 5463 920 5536 angeli
975 5479 1032 5519 nou
1046 5479 1158 5535 usurpo.

122 5551 301 5609 ascendentes
315 5549 569 5623 descendentesque
588 5560 771 5609 memorantur
786 5551 923 5624 superFi·
1009 5551 1114 5624 (Hran.)
1140 5550 1266 5623 Corrigia
1289 5551 1529 5618 calcamentorum,
1556 5550 1584 5607 id
1608 5566 1632 5608 et

123 5640 191 5699 lium
205 5639 333 5697 hominis.
974 5641 1043 5696 rium
1058 5640 1253 5696 incarnationis
1269 5639 1329 5696 Dei.
1347 5640 1411 5695 Calr
1435 5639 1518 5707 enirn,
1541 5647 1607 5708 eto,

160 5728 610 5802 flectorfociteromitos.(1atn.)
633 5726 769 5801 Pracipit,
796 5736 825 5786 ut
845 5729 923 5801 regia
974 5728 1115 5802 sponsain
1132 5727 1303 5802 patriarchis,
1320 5727 1408 5787 amieo
1432 5727 1461 5786 iu
1484 5728 1632 5804 prophetis,
