3772 6112
170 255 222 308 939

406 249 609 307 wathrhtut
623 242 748 306 srahel
760 249 860 306 FULD.
877 248 963 306 hort.
979 247 1057 305 OPP.
1074 248 1163 306 PARS
1180 249 1201 304 1.
1218 276 1253 291 -
1267 247 1503 305 rhuotootca.

1784 250 1832 305 911

171 375 262 432 studio
277 391 452 447 compressus
467 384 518 432 est.
535 377 568 430 Et
584 375 670 430 sicubi
684 375 775 431 adhuc
785 375 974 446 perniciosum
988 374 1170 436 Amanicare
1191 374 1334 441 debemus,
1351 374 1416 446 quia
1430 373 1565 430 Dominus
1580 370 1736 444 completor
1755 370 1830 446 legis,

174 466 255 534 hujus
266 465 351 536 pestis
361 481 475 538 germen
485 465 654 521 revirescere
663 463 745 520 inerit
755 465 972 537 comprobatum,

171 569 304 610 mucrone
319 554 433 625 spiritali
449 553 579 609 radicitus
594 561 635 609 cst
651 555 868 626 amputandum:
898 554 973 610 illurn

171 643 234 699 dico
249 658 368 699 errorem
394 659 448 715 quo
472 643 583 714 quidem
608 643 671 717 agui
686 659 783 700 carnes
803 644 832 698 iu
857 644 971 712 Pascha,

169 732 246 801 juxta
259 733 303 790 vel
317 733 367 788 sub
382 733 460 788 altari
475 749 522 788 eas
536 743 679 805 ponentes,
697 732 889 789 benedictione
905 749 972 804 pro·

171 822 230 893 pria
246 810 452 887 consecrabant,
471 830 497 877 et
512 822 541 876 in
554 822 614 892 ipsa
628 822 836 878 resurrectionis
850 821 895 877 die
909 829 972 879 ante

172 917 287 967 ceteros
302 911 459 982 corporales
474 911 551 967 cibos
565 910 600 965 de
616 910 682 981 ipsis
698 911 826 966 carnibus
840 911 973 982 percipie·

170 999 244 1054 bant.
261 1000 344 1068 Cuius
359 999 556 1055 benedictionis
572 999 658 1054 series
673 999 763 1056 adhuc
778 1015 794 1054 a
813 999 904 1054 multis
918 1000 971 1054 ba-

167 1086 257 1143 betur.
268 1086 346 1157 Quod
362 1104 443 1159 quam
459 1089 772 1158 sitsupcrvacnum,cta
792 1088 970 1144 sacramentis

167 1175 328 1233 Christiana
337 1177 512 1249 perfectiouis
522 1177 682 1243 abhorrens,
693 1176 772 1232 facile
786 1177 916 1249 perspicit
925 1175 971 1249 qui

168 1267 302 1322 veraciter
315 1266 442 1337 intelligit
458 1266 532 1339 quod
542 1267 652 1323 Pascha
659 1271 790 1323 nostrum
806 1267 971 1324 immolatus

168 1359 211 1412 oet
228 1356 357 1412 Christos
372 1356 381 1427 (
396 1357 480 1413 lCor.
495 1357 534 1427 v),
551 1363 577 1411 et
598 1356 656 1410 vult
682 1356 789 1426 epulari
803 1372 859 1412 nou
874 1356 902 1410 iu
916 1353 970 1410 ier-

166 1452 258 1499 mento
274 1444 370 1511 reteri,
388 1444 477 1500 sedin
492 1444 595 1515 azymis
624 1444 786 1500 sinceritatis
811 1452 837 1502 et
847 1443 969 1502 veritatis

1027 471 1123 520 auctor
1145 465 1253 538 gratiae,
1269 464 1344 536 prius
1359 464 1448 537 legale
1463 464 1570 520 Pascha
1585 461 1715 534 perfecit,
1739 461 1832 518 dende

1025 562 1197 608 sacramenta
1212 552 1373 624 evangelica
1386 552 1511 607 instituit.
1528 552 1605 609 Siout
1620 565 1674 608 uec
1689 549 1828 622 priuseor-

1023 642 1154 712 perahter
1168 641 1292 714 cogimur
1306 640 1467 698 circumcidi
1491 648 1518 696 et
1542 640 1724 713 postmodum
1744 638 1830 711 bapti·

1024 738 1090 806 anri,
1107 755 1167 795 curn
1183 740 1301 796 sciamus
1317 738 1461 794 Dominum
1476 746 1601 794 nostrum
1611 737 1717 796 iactum
1727 753 1761 792 ex
1779 753 1831 793 ma

1022 827 1099 895 licre,
1116 828 1217 885 lactum
1232 829 1284 884 sub
1299 829 1370 902 lege,
1386 828 1646 900 primosecundum
1673 827 1747 900 legis
1773 834 1827 882 sta·

1022 924 1079 972 tuta
1106 917 1306 982 circumcisum,
1324 932 1356 972 ac
1377 917 1507 988 deinceps
1518 917 1554 972 ad
1563 915 1750 988 expletionem
1770 930 1827 971 om-

1022 1007 1064 1062 nis
1076 1007 1185 1077 justitiae
1200 1006 1302 1061 lavacri
1329 1006 1458 1061 salutaris
1482 1005 1590 1063 subisse
1613 1004 1752 1076 uobisque
1763 1018 1827 1061 eou-

1022 1111 1146 1151 secrasse
1162 1094 1321 1166 primordia.

1056 1203 1131 1275 Ergo
1143 1217 1160 1257 a
1171 1202 1272 1272 jejunis
1287 1218 1398 1273 semper
1411 1201 1545 1258 celebrari
1561 1201 1665 1257 debere
1673 1200 1773 1257 eadem
1782 1214 1823 1257 sa·

1021 1299 1170 1359 eramenta,
1188 1299 1214 1346 et
1235 1290 1373 1361 generalis
1389 1291 1477 1362 ,totius
1499 1291 1556 1360 jem
1570 1289 1738 1361 comprobat
1761 1304 1823 1344 usus

1019 1379 1161 1445 Ecclesiae,
1190 1386 1217 1434 et
1247 1379 1319 1435 dicta
1343 1379 1440 1451 synodi
1463 1378 1643 1435 Bracarensis
1668 1379 1823 1434 ostendunt.

1020 1467 1072 1525 Ubi
1087 1468 1169 1523 etiam
1180 1483 1264 1538 supro
1277 1475 1426 1523 memorata
1441 1467 1468 1522 iu
1489 1467 1533 1523 die
1560 1483 1649 1523 coeuae
1673 1466 1823 1523 Dominiooe

169 1532 271 1605 (idib).
1019 1556 1229 1613 communicatio
1251 1564 1313 1628 post
1337 1557 1455 1613 solutum
1476 1555 1610 1627 jejunium
1642 1555 1823 1611 anathematis

1018 1645 1225 1717 interpositione
1244 1645 1421 1702 abscinditur.
1448 1645 1476 1701 Si
1505 1645 1597 1717 itaque
1621 1644 1671 1700 illo
1705 1644 1823 1716 diepost

980 1733 1162 1805 Bprandium
1177 1734 1378 1791 communicare
1393 1733 1535 1800 nonlicet,
1552 1733 1596 1789 eui
1619 1740 1647 1788 et
1669 1733 1822 1803 exemplum

544 1795 655 1864 jesum
684 1791 962 1848 ⁶⁰mm¹mi⁰⁰ndm
1013 1823 1124 1878 Domini
1140 1832 1166 1877 et
1181 1823 1362 1895 quorumdam
1386 1839 1516 1878 assensus
1543 1819 1694 1895 suffragari
1727 1821 1824 1878 videbe

202 1917 260 1971 Hoc
274 1932 382 1988 quoque
397 1916 667 1972 commemorandum
684 1916 790 1971 videtur
811 1916 884 1988 quod
906 1915 964 1986 ipsa
1015 1918 1068 1980 tur,
1080 1911 1165 1967 multa
1177 1910 1267 1967 miuus
1282 1911 1343 1967 eliis
1359 1911 1528 1983 temporibus
1543 1910 1621 1977 licet,
1644 1909 1748 1983 quibus
1769 1909 1820 1966 lto-

168 2014 339 2061 saeramenta
371 2005 480 2076 quidam
520 2005 654 2061 interdum
683 2005 779 2074 peiuri,
828 2005 963 2061 interdum
1013 2016 1074 2055 rum
1096 2009 1221 2055 neutrum
1245 2001 1422 2073 cognoscitur
1448 2000 1618 2055 attributum.
1641 2001 1703 2056 Hoc
1732 2008 1821 2055 autern

165 2093 258 2166 pransi
272 2094 430 2166 percepisse
444 2093 580 2166 leguntur,
596 2101 625 2148 ut
639 2094 741 2166 legitur
762 2095 789 2148 iu
813 2093 963 2150 canonibus
1011 2088 1050 2144 ita
1065 2088 1125 2144 lieri
1138 2105 1193 2145 uon
1208 2088 1296 2144 solum
1311 2091 1439 2145 honestas
1462 2089 1635 2158 sobrietatis,
1661 2105 1715 2160 per
1741 2105 1822 2162 quam

164 2181 273 2240 concilii
288 2181 418 2250 Africani,
435 2182 554 2253 capitulo
569 2190 676 2251 octavo,
700 2182 742 2237 his
757 2183 872 2237 verbis:
894 2204 905 2234 ι
930 2184 963 2239 Ut
1013 2177 1190 2248 receptacula
1204 2185 1345 2248 pectorum
1361 2186 1443 2234 tautae
1470 2177 1613 2234 sanctitati
1635 2177 1822 2250 percipiendae

166 2279 341 2327 sacramenta
354 2271 448 2326 altaris
463 2271 582 2327 nonnisi
597 2271 725 2341 aiejnnis
739 2272 893 2326 hominibus
916 2287 962 2327 ce·
1012 2267 1161 2337 praeparari
1175 2267 1311 2332 convenit,
1325 2283 1359 2323 ue
1375 2267 1398 2321 si
1412 2266 1525 2340 indigne
1540 2275 1679 2334 sumatur,
1696 2266 1725 2322 in
1745 2267 1816 2338 judi-

162 2358 314 2428 lebrentur,
330 2369 444 2432 excepto
459 2376 513 2418 uuo
528 2359 572 2416 die
596 2361 782 2416 anniversario
805 2376 858 2433 quo
883 2375 963 2416 coeua
1012 2355 1084 2411 cium
1097 2364 1219 2412 trauseat
1232 2356 1367 2412 medicina
1382 2374 1389 2410 :
1405 2356 1547 2412 sedetiam
1571 2355 1643 2412 ratio
1667 2356 1817 2413 necessita·

162 2448 271 2506 Domini
286 2449 448 2516 celebratur,
467 2471 479 2500 a
496 2449 653 2522 etreliqua.
675 2450 722 2505 lsti
738 2449 848 2523 quidem
863 2465 896 2505 eo
918 2449 962 2505 die
1013 2444 1047 2499 tis
1061 2460 1163 2518 magua
1177 2445 1317 2516 poscebat,
1335 2445 1398 2518 qula
1412 2445 1548 2514 videlicet,
1565 2445 1739 2517 prandentes
1754 2452 1817 2502 ante

162 2546 225 2611 post
245 2539 390 2610 prandium
428 2538 681 2595 communicandum
710 2555 771 2594 esse
802 2539 959 2607 censebant,
1012 2534 1299 2599 communicationem,
1323 2533 1491 2605 proficiente,
1507 2542 1537 2589 ut
1557 2535 1675 2600 assolet,
1696 2535 1724 2590 iu
1737 2536 1815 2607 pejus

163 2628 225 2699 quia
249 2628 381 2683 Dominus
404 2645 454 2700 pos
479 2629 575 2700 legalis
599 2629 709 2699 paschae
742 2645 859 2697 coenam,
891 2629 962 2685 Novi
1011 2623 1084 2677 maia
1099 2624 1304 2692 cousuetudine,
1330 2623 1365 2678 de
1388 2623 1481 2694 parvis
1505 2622 1704 2680 refectionibus
1733 2641 1817 2698 usque

163 2717 328 2772 Testamenti
343 2725 510 2773 sacramenta
523 2717 624 2790 legitur
637 2717 778 2788 discipulis
801 2718 959 2774 tradidisse.
1011 2711 1046 2766 ab
1060 2712 1199 2768 ebrietatis
1214 2712 1361 2785 ingluviem
1371 2712 1505 2768 interdum
1521 2713 1671 2785 prolapsos
1688 2713 1818 2770 credibile

160 2804 216 2861 atii
230 2821 305 2874 vero,
331 2814 405 2862 secta
431 2806 545 2877 quadam
573 2806 715 2879 singulari,
745 2823 799 2863 uon
823 2806 909 2862 semet
933 2807 960 2863 in
1011 2808 1061 2855 est.
1077 2802 1112 2857 Et
1127 2801 1192 2872 quid
1216 2810 1271 2856 tam
1296 2801 1444 2857 absurdum
1467 2817 1549 2874 quarn
1572 2809 1639 2859 tuuc
1665 2802 1815 2875 spiritalem

159 2908 231 2950 auno
246 2894 487 2965 sicutsuperiores,
504 2894 553 2949 sed
568 2894 689 2951 crebrius
712 2903 773 2950 aute
805 2911 960 2952 sacramen·
1010 2897 1090 2961 atque
1104 2890 1214 2945 vitalem
1228 2889 1368 2961 percipere
1382 2891 1493 2960 victum,
1523 2907 1586 2947 cum
1615 2907 1650 2947 ex
1677 2892 1814 2949 nimietate

158 2991 248 3040 torum
262 2983 464 3054 perceptionem
479 2983 547 3038 cibis
561 2984 749 3054 corporalibus
763 2982 837 3040 refici
860 2985 959 3040 debere
1009 2979 1180 3050 ingestorum
1196 2995 1246 3034 uee
1260 2979 1415 3051 corporalia
1430 2980 1560 3036 elimenta
1575 2990 1667 3053 potest
1687 2981 1813 3054 crapula·

460 1659 572 1716 carot
591 1657 667 1716 xlx.

168 1793 228 1849 Non
251 1792 284 1848 ab
313 1793 482 1864 altisonam
501 1810 520 1848 a

155 3072 321 3142 judicantes,
338 3079 399 3142 post
409 3071 524 3142 prandia
553 3080 580 3126 et
600 3072 795 3143 plenitudinem
817 3074 994 3158 stomachis}
1008 3075 1052 3122 tus
1067 3069 1179 3123 honeste
1194 3071 1335 3125 tractore?
1348 3070 1494 3141 Apostolus
1509 3078 1601 3126 autern
1614 3071 1757 3142 praecepit,
1777 3071 1813 3126 dt

156 3160 235 3232 quasi
256 3159 418 3225 confirmati,
446 3161 529 3215 sacris
554 3161 634 3240 rebus
658 3161 958 3234 necessitatccorporea
1009 3170 1074 3212 cens
1090 3173 1097 3211 ἰ
1116 3157 1320 3215 Otottittvetittt
1333 3158 1447 3215 honeste
1463 3164 1490 3215 et
1509 3160 1666 3217 secundare
1684 3160 1810 3216 ordinem

156 3248 405 3316 communicabant,
422 3254 451 3302 ut
464 3256 579 3304 testatur
594 3249 720 3305 Socrates
736 3251 762 3305 in
779 3251 898 3307 historia
909 3239 965 3308 sna'
1006 3245 1080 3315 fiant
1094 3245 1119 3317 (l
1133 3247 1193 3303 Cor.
1208 3249 1279 3319 xiv).
1296 3247 1364 3317 Quae
1380 3248 1604 3317 moderationes,
1630 3249 1759 3321 quamvis
1784 3250 1811 3304 in

157 3335 346 3393 ecclesiastica
359 3338 445 3407 (llist.
466 3339 597 3411 Tripuri,
613 3338 659 3393 lib.
677 3355 717 3406 11,
731 3356 791 3411 cap.
802 3342 839 3411 3),
865 3342 911 3396 ubi
922 3342 956 3398 do
1006 3333 1125 3405 siugulis
1141 3345 1297 3393 sauctorum
1312 3337 1442 3407 operibus
1458 3338 1628 3394 necessariae
1643 3338 1709 3407 siut,
1721 3346 1807 3394 umen

153 3424 272 3481 diversis
283 3425 469 3482 Ecclesiamm
480 3428 956 3486 consuetudinibusiaciensmeutio-
1005 3423 1087 3478 etlam
1102 3432 1182 3496 tique
1196 3425 1278 3480 etiam
1291 3424 1319 3479 in
1334 3425 1499 3482 sanctissimi
1525 3427 1670 3499 sanguinis
1692 3436 1719 3484 et
1746 3443 1807 3484 cor·

155 3528 228 3578 nem,
244 3522 306 3586 post
320 3514 420 3570 multas
438 3516 605 3585 jejuniorum
624 3525 651 3571 ot
676 3517 878 3573 solemnitatum
902 3534 952 3573 va·
1003 3512 1079 3582 poris
1095 3513 1204 3571 Domini
1222 3514 1401 3570 ueneratione
1417 3515 1517 3570 debent
1533 3516 1675 3572 servarint
1685 3516 1809 3573 ridehcct

155 3601 259 3671 nantes,
276 3605 335 3660 haec
349 3604 420 3659 inter
435 3612 535 3660 caetera
562 3606 638 3677 ponit
654 3623 661 3661 :
679 3606 759 3661 «Sed
778 3607 859 3661 etiam
879 3607 953 3664 circa
1003 3599 1127 3667 honeste,
1142 3602 1196 3682 hoo
1212 3611 1253 3657 est
1268 3603 1415 3671 humiliter,
1431 3620 1527 3675 pacem
1543 3621 1569 3660 er
1598 3605 1762 3661 charitatem
1780 3605 1806 3660 iu

152 3690 339 3748 celebritatem
356 3692 542 3761 collectarum,
561 3695 684 3766 quasdam
708 3694 853 3751 diversitas
879 3696 954 3752 inre·
1006 3690 1090 3745 &Ordo
1106 3698 1239 3758 1006111θῦ,
1252 3692 1337 3761 jejuni
1352 3700 1379 3748 θῑ
1395 3693 1478 3749 801)Γῆ
1493 3709 1557 3750 tum
1582 3694 1718 3751 munditie
1745 3710 1806 3752 0⁰1⁴

149 3778 233 3836 nitur.
249 3781 318 3836 Nam
341 3782 404 3837 dum
429 3799 480 3853 per
501 3784 642 3840 Ecclesias
664 3783 692 3837 iu
714 3783 843 3839 universo
865 3792 952 3840 terra·
1000 3778 1076 3849 poris
1097 3787 1123 3834 et
1147 3781 1246 3846 cordis,
1271 3790 1401 3852 quantum
1422 3781 1481 3838 fieri
1505 3791 1604 3855 potest,
1626 3784 1688 3856 ipsa
1711 3800 1803 3841 saera·

149 3883 209 3922 rum
226 3868 293 3925 orbe
308 3871 470 3926 constitutas
492 3872 536 3926 die
559 3872 735 3927 sabbatorum
757 3890 808 3943 per
830 3874 951 3947 singulas
1000 3875 1092 3922 menia
1107 3870 1296 3942 contingamus
1313 3889 1320 3925 2
1337 3871 1487 3928 secundum
1511 3873 1638 3928 ordinem
1660 3882 1761 3941 autem·
1776 3881 1802 3928 ¹12

150 3957 339 4014 hebdomadas
354 3959 486 4016 sacrificia
500 3961 681 4031 celebrantur,
703 3964 755 4018 hoc
776 3963 806 4018 in
829 3963 950 4019 Alexan·

150 4046 208 4102 dria
223 4055 248 4103 et
263 4049 349 4103 homa
364 4049 474 4119 quidem
493 4050 584 4119 prisca
607 4050 754 4107 traditione
767 4067 821 4107 nou
837 4051 947 4109 iaciunt.

150 4137 269 4208 AEgyptii
285 4153 351 4193 vero
366 4137 533 4192 alexandrie
548 4137 640 4205 vieini,
657 4148 683 4194 et
704 4140 849 4196 Thebaidis
873 4142 949 4197 habi·

145 4231 248 4281 tatores
263 4226 375 4281 sabbato
391 4226 500 4297 quidem
516 4226 645 4283 collectas
659 4236 753 4301 agunt,
770 4229 820 4285 sed
831 4246 895 4297 uon,
912 4231 949 4286 si-

144 4315 287 4371 outmoris
311 4324 362 4382 est,
388 4324 555 4371 sacramenta
582 4317 742 4388 percipiunt.
767 4320 836 4373 Nam
868 4329 947 4391 post·

146 4419 229 4476 quarn
243 4403 342 4459 luerint
365 4404 474 4475 epulati,
500 4413 527 4460 et
550 4405 618 4461 cibis
649 4406 775 4461 omnibus
795 4409 944 4481 adimpleti,

142 4492 215 4549 circa
230 4509 373 4564 vesperam
389 4493 526 4551 oblatione
542 4494 614 4550 iacta
635 4496 844 4553 communicant.
874 4519 885 4548 a
910 4499 945 4555 Et

143 4580 225 4653 paulo
240 4582 352 4638 iuferius
369 4601 375 4637 :
391 4606 401 4634 a
416 4584 445 4639 ln
454 4583 597 4640 Antiochia
612 4601 679 4640 vero
695 4585 781 4656 Syria
795 4586 880 4642 altare
890 4604 945 4653 non

144 4670 326 4727 adorientem
341 4672 474 4741 ecclesiae,
492 4674 541 4728 sed
556 4674 645 4747 magis
656 4675 689 4728 ad
705 4675 876 4732 occidentem
898 4678 945 4732 ha-

144 4760 217 4815 bent.
237 4782 248 4811 a
267 4762 306 4816 De
323 4778 375 4833 qua
391 4763 512 4818 raetiam
526 4778 577 4818 nos
592 4763 703 4835 quidem
725 4765 849 4835 superius
860 4766 945 4820 disse·

144 4849 247 4905 ruimus
262 4852 368 4924 (supro,
385 4868 447 4925 cop.
464 4852 501 4923 1).
519 4874 530 4902 a
549 4853 582 4907 Et
596 4853 624 4907 hi
639 4853 759 4924 quidem,
776 4854 871 4926 iuquit,
888 4854 943 4909 siu-

1000 3954 1243 4014 sanctificationem
1275 3976 1371 4016 eorum
1393 3977 1409 4015 a
1432 3962 1501 4017 cibis
1525 3963 1644 4030 catoris,
1678 3971 1709 4018 ut
1742 3970 1801 4034 pote

999 4046 1097 4102 animm
1111 4047 1194 4103 vitam
1210 4048 1431 4120 significantium,
1454 4050 1537 4125 longe
1553 4051 1657 4108 distare
1665 4053 1797 4119 sciamus,

999 4143 1025 4190 et
1038 4135 1126 4206 primo
1149 4137 1246 4192 horum
1256 4139 1442 4195 consolatione
1466 4139 1570 4210 reiecti,
1587 4141 1688 4197 deinde
1703 4155 1800 4214 corpo·

997 4224 1034 4279 ris
1049 4227 1235 4283 sustentacula
1250 4228 1398 4299 capiamus.
1411 4227 1491 4298 Quod
1504 4220 1596 4285 'entem
1612 4245 1704 4303 neque
1727 4239 1796 4296 aute,

996 4329 1085 4386 neque
1102 4323 1164 4386 post
1184 4317 1456 4373 communicationem
1480 4318 1508 4372 in
1528 4318 1661 4374 Ecclesiis
1696 4319 1799 4377 sitnon·

998 4402 1154 4470 vivendum,
1168 4413 1195 4460 et
1209 4421 1329 4461 canones
1344 4405 1463 4463 discrete
1474 4415 1501 4461 et
1515 4405 1664 4465 manifeste
1688 4407 1800 4482 loquun-

1001 4500 1053 4562 tur,
1072 4501 1098 4549 et
1112 4509 1166 4550 nou
1180 4494 1303 4567 superius
1318 4495 1592 4552 commemoravimus
1608 4499 1684 4571 (cop.
1711 4499 1765 4568 ll).

1294 4690 1407 4748 CAPUT
1433 4691 1497 4750 XX.

1035 4815 1110 4882 Quod
1132 4815 1185 4869 olii
1204 4815 1309 4881 rarius,
1335 4817 1388 4872 olii
1406 4818 1541 4886 crebrius,
1563 4821 1617 4876 attt
1638 4823 1762 4895 quotidie

1190 4905 1459 4963 communicandum
1482 4908 1590 4964 dicent.

144 4936 215 5008 gulis
229 4938 358 5003 sabbatis,
375 4940 418 4994 isti
433 4949 495 5012 post
509 4942 653 5013 prandium
670 4943 712 4997 vel
734 4959 841 4998 eoenam
864 4960 942 5000 oom-

145 5024 329 5082 muuicabaut.
342 5028 400 5097 Qua
412 5030 571 5086 anctoritate
587 5031 615 5085 id
630 5030 719 5087 lacere
731 5032 874 5102 voluerint,
887 5049 941 5088 non
1028 5033 1098 5102 Quia
1112 5049 1178 5090 vero
1194 5042 1221 5090 et
1235 5035 1340 5092 ratione
1352 5048 1586 5096 sacramentorum
1616 5057 1707 5114 pauca
1732 5060 1793 5116 per·

142 5112 211 5170 adeo
225 5113 318 5184 liquet.
337 5116 405 5172 lllud
420 5135 484 5174 vero
499 5120 570 5192 quod
585 5120 739 5191 superiores
755 5121 782 5176 iu
811 5122 941 5177 aunirer-
992 5122 1158 5194 strinximus,
1176 5123 1285 5179 videtur
1298 5126 1514 5183 subnectendum
1529 5129 1649 5202 qualiter
1658 5132 1696 5188 ad
1710 5133 1794 5206 quoti-

142 5201 214 5258 sario
239 5218 324 5259 coenae
347 5205 495 5263 Dominicae
517 5209 621 5278 pransi,
647 5210 858 5266 communicare·
880 5227 941 5282 per·
991 5211 1099 5266 dianam
1115 5213 1326 5270 celebrationem
1342 5217 1498 5273 eommdem
1514 5220 1711 5291 mysteriomm
1732 5238 1793 5278 usus

140 5291 300 5359 missisunt,
322 5309 355 5348 ex
379 5295 521 5351 occasione
545 5313 628 5368 supra
651 5300 772 5370 exposita
794 5300 941 5357 emersisse
989 5303 1154 5372 pervenerit.
1171 5304 1205 5359 Et
1220 5304 1349 5374 quoniam
1365 5306 1505 5377 multiplex
1521 5315 1563 5362 est
1577 5308 1638 5378 eJus
1652 5311 1695 5367 rei
1720 5311 1791 5384 apud

138 5381 254 5438 ridetua
276 5381 358 5437 »Sed
374 5398 388 5435 a
402 5385 577 5453 sequentibus
601 5387 713 5442 honesta
735 5396 762 5442 et
787 5388 939 5444 rationabili
989 5389 1115 5447 doctores
1130 5391 1234 5462 relatio,
1250 5393 1413 5465 colligamus
1427 5396 1583 5451 summatim
1607 5415 1670 5470 quae
1693 5416 1790 5472 possu-

136 5470 331 5527 dehbcratioue
360 5478 490 5525 statutum
513 5488 575 5526 esse
609 5477 783 5547 cognoscitur
805 5486 833 5532 ut
866 5479 939 5534 omui
988 5495 1060 5545 mus,
1077 5480 1156 5536 itaut
1177 5483 1289 5537 nomina
1313 5482 1483 5556 singulorum
1508 5494 1653 5544 auctorum
1677 5499 1789 5563 propter

135 5567 257 5631 tempore
279 5577 293 5616 a
312 5561 412 5631 jejunis
434 5569 611 5617 sacrosancta
648 5566 802 5622 colerentur
838 5576 940 5639 myste-
988 5570 1170 5640 prolixitatem
1199 5587 1253 5627 uon
1282 5586 1426 5643 ponamus.
1456 5574 1530 5631 Nihil
1560 5591 1629 5633 vero
1661 5594 1793 5637 conemur

135 5647 187 5706 ria.
204 5650 266 5707 Nou
281 5651 354 5715 euim
370 5651 431 5710 ideo
446 5650 522 5723 prius
548 5651 835 5727 prandere,etpostea
866 5673 938 5714 com·
989 5664 1111 5715 estruere
1125 5659 1198 5732 quod
1213 5673 1268 5716 uon
1283 5661 1377 5720 velita
1400 5661 1527 5736 legimus,
1548 5663 1594 5722 vel
1617 5682 1652 5726 ex
1675 5667 1792 5728 lectione
