3772 6112
104 220 170 271 itta

106 342 230 415 blaa-tyris
244 342 349 398 ablatus
365 344 466 412 fertar;
483 347 531 402 sed
546 346 660 404 clericus
680 349 752 405 idem

105 415 176 469 Dum
192 424 306 475 remeat.
319 416 444 486 proprias
459 426 602 473 maturent
618 421 717 475 viseret
728 420 812 487 redes,

106 487 235 556 Repperit
252 488 359 540 exeniis
376 488 515 558 spoliatam
531 490 615 560 baspe
631 508 755 546 acerram
770 522 791 549 ι.

106 558 234 612 Concitns
248 557 294 611 ille
310 557 375 627 petit
391 559 498 613 rediens
513 562 668 616 veneranda
683 564 817 633 scpulcra,

106 628 232 683 Crinibus
246 629 384 694 extractis,
401 637 427 683 et
451 632 552 703 pugnis
571 640 680 701 pectora
697 636 833 697 tundens3

106 701 162 753 Nec
177 714 290 753 caruere
306 716 384 770 gena
398 699 536 771 lacrymis,
553 719 603 757 nec
614 712 719 773 guttura
733 706 832 775 pnlsu;

106 768 277 838 vociferans,
294 770 456 841 lacrymans,
481 773 564 826 nimio
580 773 697 828 clamore
717 776 821 845 ruebat,

106 841 258 895 Persistens
270 840 382 911 supplex
397 841 535 912 precibus,
552 844 680 916 horisque
695 846 800 902 diurnis

105 912 215 965 Addidit
229 919 255 964 et
271 920 388 973 noctem,
407 913 529 984 rogitans
544 914 595 968 sibi
618 916 734 971 reddere
747 934 868 979 censum.

107 982 159 1035 Fur
173 980 263 1035 fessus
278 983 357 1036 rediit
373 983 495 1046 demens,
508 993 639 1040 onerante
654 988 795 1055 cotlturno,

107 1053 205 1106 invitus
220 1053 331 1107 domino
345 1053 453 1108 tandnu
476 1054 563 1126 spolia
578 1057 670 1126 ampla
692 1059 795 1127 rejecit.

105 1127 135 1176 dt
154 1123 280 1178 dominus
295 1124 367 1179 servi
381 1132 469 1183 patrat
485 1126 600 1195 perjuria
615 1127 684 1182 falsa
701 1148 708 1184 τ

109 1194 193 1261 iligna
209 1195 257 1247 sed
282 1194 411 1248 immitem
439 1197 561 1266 sequitur
573 1214 633 1252 mox
659 1199 724 1255 ultio
740 1211 902 1275 utrumque:

103 1266 170 1317 Nam
186 1265 318 1318 Dominus
333 1265 415 1319 vitam
431 1267 513 1322 celeri
535 1284 595 1323 oum
611 1268 663 1324 fine
679 1272 794 1344 reliquit,

103 1336 135 1388 Et
151 1351 245 1389 servus
260 1343 350 1405 raptor
364 1353 444 1405 poena
469 1339 608 1393 damnatur
618 1342 724 1396 acerba.

141 1425 172 1477 ll.
192 1425 308 1479 Ebroiao
323 1427 499 1482 nuntiantur
509 1430 658 1491 nriracaln,
671 1433 784 1504 ‹piasquc
795 1428 902 1492 irrrfdia

264 1512 296 1550 nc
312 1512 387 1549 rnors
403 1497 521 1568 irropfnn
536 1502 713 1569 referantur.

103 1566 160 1619 Neo
174 1566 276 1619 latuere
292 1565 337 1619 din
352 1567 499 1621 crescentia
515 1569 593 1637 signa
610 1569 733 1626 dolosum

105 1637 217 1689 Diversa
231 1636 257 1689 in
272 1637 378 1706 populis
395 1637 559 1699 libroinum;
578 1656 671 1695 rumor
685 1642 785 1714 ubique

104 1706 212 1761 ludiciis
228 1707 307 1761 certis
322 1706 475 1762 manifestat
489 1711 561 1779 quod
576 1711 652 1780 prins
673 1712 727 1771 illc.

103 1777 206 1830 Inuidia
222 1777 348 1843 faciente,
365 1778 435 1832 mala
451 1779 587 1835 celaverat
601 1791 669 1836 arte.

104 1848 273 1918 —Adspicq
285 1864 347 1902 erim
361 1849 477 1904 Domino
494 1859 595 1922 martyr
604 1852 661 1919 jam
677 1865 774 1924 regnat
784 1859 811 1911 iu
827 1874 901 1925 arce,

103 1919 247 1985 lnvidiose,
265 1934 357 1989 rapax,
376 1920 509 1974 homicida
536 1921 657 1988 immitis,
677 1926 805 1982 adulter:

104 1989 275 2058 fulgescunt,
293 1989 408 2059 radiant,
426 1991 549 2061 flagrant.
568 2003 760 2063 monstrantur,
778 2012 903 2054 amantur

103 2060 186 2131 Signa
202 2060 240 2129 pii
255 2060 339 2120 valis:
357 2060 443 2114 virtus
466 2062 591 2117 decorata
606 2065 722 2120 nitescit.

102 2131 189 2194 Nunc,
206 2129 269 2200 quid
285 2131 343 2186 haec
356 2131 460 2201 poteris
476 2132 545 2187 falsa
559 2135 682 2204 proferre
702 2138 728 2192 lo
749 2139 831 2195 uela?

102 2199 182 2267 Quid,
199 2200 250 2254 nisi
265 2202 346 2256 eorde
362 2203 459 2273 gemis,
477 2204 575 2259 tacitus
589 2207 722 2276 pavitans,
748 2211 864 2267 braine.

103 2272 230 2341 Optatam
247 2288 261 2325 e
282 2272 384 2326 tumulo
400 2281 484 2327 certat
505 2284 613 2345 captare
624 2279 759 2334 medelam

101 2342 220 2412 Quisque
236 2343 291 2395 suis
306 2343 437 2397 membris
454 2361 460 2397 :
477 2345 552 2398 sanis
567 2362 628 2400 nam
642 2347 755 2404 callibus
769 2352 828 2419 iste,

103 2414 148 2466 llle.
163 2413 248 2467 oculis
263 2413 355 2468 radios
369 2414 471 2485 gaudet
487 2431 625 2472 remeasse
650 2435 773 2486 serenos,

102 2483 228 2552 Expulsis
243 2484 371 2550 tenebris,
388 2500 476 2540 nocuo
491 2490 614 2542 caruisse
629 2490 728 2545 coloro.

101 2553 227 2608 ussarius
244 2555 320 2609 triste
335 2555 434 2609 exultat
450 2557 586 2613 vomuisse
606 2575 739 2615 venenum

103 2625 247 2683 [lantonis.
265 2633 290 2678 et
304 2632 417 2680 cunctos
429 2636 506 2681 curat
522 2643 651 2683 concessa
667 2640 785 2700 potestas

102 2695 203 2749 Indicio
218 2704 258 2748 est
274 2711 389 2766 regnare
403 2697 476 2766 polo,
495 2699 536 2752 cui
554 2707 651 2754 tartara
667 2719 736 2756 sarva

100 2766 238 2819 Promittis
252 2767 381 2833 voluisse,
399 2775 441 2820 tua
457 2776 497 2822 est
513 2769 626 2839 depulsa
641 2781 771 2842 potestas.
786 2807 819 2815 -

100 2837 208 2890 Talibus
222 2836 350 2891 attonitus
366 2838 451 2890 doluit
469 2855 554 2910 signis
570 2842 725 2910 libroinus3

101 2908 163 2961 llaec
178 2908 223 2975 ait,
241 2924 273 2961 ex
288 2908 343 2961 imo
358 2924 486 2978 rumpens
503 2912 572 2965 lirino
589 2920 698 2981 pectore
709 2931 814 2982 voratu,

102 2978 147 3030 llis
163 2986 273 3048 questas
288 2978 426 3048 lucrymis,
445 2979 540 3034 diceus
557 2983 649 3036 risoris
661 2982 695 3037 ad
711 2999 792 3039 aures
809 3004 815 3042 z

675 224 754 278 viru
780 224 807 278 s.
826 205 1065 278 'taonaaunu
1081 221 1191 277 -aue
1208 222 1247 281 u.
1331 285 1335 291 ⁸

921 346 1012 417 AQui
1025 355 1105 417 caput
1121 357 1183 402 ante
1199 360 1248 401 suo
1270 346 1339 402 ratis
1353 361 1482 402 mucrone
1498 347 1626 417 peremsit
1642 364 1648 402 :

1689 222 1758 275 tlte

959 419 1035 472 lllius
1048 418 1076 472 in
1097 418 1205 473 cineres
1228 417 1362 499 extemplo
1376 417 1497 472 membra
1508 418 1617 474 redacta

959 489 1158 559 Comperimus.
1183 487 1269 543 Simili
1295 489 1340 545 luc
1354 488 1434 542 etiarn
1449 502 1521 543 nuno
1536 496 1608 543 sorte
1625 496 1741 546 tenetur.

958 560 1058 615 Forsan
1073 575 1152 630 poena
1168 575 1271 630 sequax
1296 558 1454 613 redeuntem
1469 559 1586 629 perculit
1596 559 1685 627 istum,

961 632 994 684 Et
1003 631 1084 712 parili
1099 631 1200 684 damno
1215 630 1378 701 perduxerat
1402 645 1488 700 usque
1503 629 1632 684 favillam.

958 701 1028 769 Quid
1043 700 1180 756 lacimus‘l
1195 701 1245 755 late
1261 701 1336 768 cnjus
1350 715 1421 754 nunc
1437 698 1526 770 gloria
1541 701 1649 765 crescit,

957 772 1058 827 Nostra
1073 773 1152 828 etiam
1168 771 1281 826 nimium
1302 777 1446 841 turpantur
1460 777 1536 842 gesta
1548 771 1650 841 priora.

958 843 1041 897 Fama
1056 842 1129 899 volat
1144 843 1233 912 hujus,
1249 841 1377 897 redolens
1392 856 1501 896 rumore
1516 855 1648 921 coruseoj

957 913 1067 985 Nosque
1082 913 1132 977 rei,
1149 912 1260 967 ferimur
1274 920 1433 968 cunctorum
1457 911 1571 968 vocibus
1587 919 1650 967 acti.

957 984 1019 1048 Sed,
1037 984 1155 1039 neforto
1171 985 1258 1057 magis
1280 983 1386 1054 placido
1410 997 1536 1038 sermone
1551 981 1686 1037 redundet

956 1055 1040 1123 Hujus
1055 1053 1124 1109 fama
1139 1055 1201 1117 viri,
1216 1069 1346 1110 conemur
1365 1061 1438 1109 sorte
1452 1052 1563 1107 sinistra

956 1125 1099 1193 objectam
1115 1124 1201 1180 malas
1215 1124 1254 1179 illi
1269 1124 1405 1196 falsasque
1427 1124 1560 1195 loquelas,

955 1197 995 1249 Ne
1010 1205 1109 1250 nostran
1125 1197 1151 1250 in
1166 1195 1267 1266 populo
1281 1195 1417 1250 minuatur
1431 1194 1521 1266 gloria
1535 1193 1632 1249 landis.
1646 1215 1657 1241 i

990 1266 1066 1321 Talia
1081 1273 1251 1333 tractantem,
1267 1265 1383 1320 maturis
1398 1265 1522 1321 cursibus
1538 1263 1614 1344 illum

955 1337 1029 1392 lfors
1044 1338 1149 1408 rapuit;
1166 1353 1236 1392 saeva
1261 1337 1393 1392 condebat
1408 1335 1484 1391 fauce
1500 1335 1611 1402 baratri,
1641 1404 1647 1415 υ

954 1407 1051 1462 llultos
1066 1407 1110 1479 qui
1126 1407 1161 1463 ad
1175 1415 1290 1462 mortem
1317 1407 1409 1462 stricto
1425 1421 1554 1462 mucrone
1568 1413 1659 1478 coegit
1676 1424 1682 1458 :

955 1478 1085 1532 fervidus
1099 1479 1171 1534 bunc
1185 1478 1293 1550 gladius
1308 1478 1363 1533 vita
1377 1477 1501 1548 spoliavit
1515 1484 1542 1532 et
1556 1478 1649 1531 armis.

953 1549 1000 1602 Est
1016 1549 1150 1619 completa
1165 1550 1214 1604 Dei
1238 1549 1309 1603 reris
1323 1549 1455 1604 sententia
1470 1548 1558 1611 dictis,

953 1620 994 1685 tt,
1006 1621 1081 1687 cuius
1096 1620 1250 1692 quicunqne
1267 1618 1361 1675 furens
1383 1619 1564 1674 maculaverit
1578 1626 1664 1683 artus,

916 1690 1057 1764 Bl'undat
1073 1698 1098 1745 et
1113 1706 1268 1761 ipsesuum,
1292 1690 1383 1763 gladio
1400 1691 1522 1756 feriente,
1539 1703 1673 1745 cruorem.

953 1759 1011 1814 Tali
1026 1760 1074 1815 sed
1090 1762 1198 1816 tandem
1215 1752 1359 1816 multatum
1372 1759 1426 1815 fine
1453 1769 1598 1832 tyrannum

954 1830 1074 1885 Sufficiat
1087 1831 1189 1888 dixisse
1202 1852 1207 1894 ;
1223 1831 1323 1888 dehine
1334 1832 1391 1901 jnm
1402 1839 1503 1887 caetera
1513 1831 1610 1886 dicam.

954 1955 1000 2007 lll.
1021 1955 1118 2010 diitrtr
1145 1961 1200 2011 fres
1217 1958 1449 2029 interepisropos
1464 1958 1497 2012 dc
1517 1960 1614 2011 snacfo
1629 1958 1755 2026 martyre

1203 2029 1319 2082 lernado
1334 2029 1497 2098 desparata.

954 2131 1000 2185 llis
1016 2131 1051 2185 ita
1066 2134 1221 2194 transactis.
1240 2133 1326 2189 virtus
1338 2134 1395 2203 jam
1410 2134 1535 2203 proditur
1549 2133 1621 2188 alma

953 2202 1087 2272 Martyris,
1105 2210 1131 2257 at
1147 2210 1203 2258 toto
1216 2203 1354 2275 fragrabat
1377 2204 1482 2258 fervida
1498 2219 1594 2276 regno.

954 2274 1039 2345 thue
1055 2272 1122 2329 locis
1137 2289 1199 2328 eum
1214 2275 1292 2329 thara
1306 2274 1403 2336 calent,
1416 2275 1460 2330 vel
1474 2274 1533 2329 trita
1546 2274 1647 2343 sinapis

953 2343 1061 2398 Sentina
1071 2344 1233 2414 depromunt
1249 2343 1362 2400 nitidum
1385 2344 1540 2415 fragranter
1554 2345 1677 2407 odorem,

952 2416 1004 2468 ant
1019 2413 1080 2484 pilis
1094 2414 1215 2483 gravidis
1230 2416 1323 2470 herba
1334 2416 1482 2470 tunduntur
1496 2415 1610 2477 olentes,

953 2484 985 2538 bt
999 2484 1125 2553 preciosa
1139 2486 1240 2540 micant
1250 2487 1323 2541 rasis
1337 2495 1477 2559 unguenta
1491 2485 1611 2551 cavatis;

952 2555 1029 2608 llaud
1045 2553 1125 2609 aliter
1140 2571 1249 2612 rumore
1269 2557 1315 2628 pio
1328 2573 1379 2628 per
1401 2571 1524 2629 quosque
1540 2570 1683 2610 recurrens

953 2625 1033 2679 Fama
1047 2625 1135 2691 volat;
1151 2627 1244 2697 populi
1268 2627 1399 2683 miracula
1422 2643 1464 2682 ma
1487 2642 1523 2681 na
1537 2625 1717 2697 frequentant.

952 2696 1055 2749 AEmnla
1066 2713 1126 2767 qum
1140 2712 1157 2751 a
1171 2698 1263 2752 multis
1286 2698 1392 2754 celabat
1406 2715 1457 2768 per
1468 2697 1523 2752 rdia
1537 2705 1609 2752 ante.

952 2767 1057 2821 interea
1073 2767 1146 2840 regis
1161 2769 1254 2838 magni
1279 2768 1401 2825 defertur
1411 2769 1444 2822 ad
1459 2784 1539 2823 aures

951 2837 1116 2892 Cunctorum
1126 2846 1218 2892 vatum
1240 2855 1383 2911 procerum
1396 2855 1504 2963 quoque
1518 2837 1590 2894 fama
1604 2838 1695 2893 beata.

951 2906 1106 2962 Occurrunt
1118 2909 1222 2964 alacres
1238 2911 1360 2965 certatim
1376 2927 1407 2967 ea
1419 2910 1443 2965 le
1457 2910 1538 2966 citato

952 2979 1105 3046 Pontifices,
1123 2980 1221 3041 clerus.
1237 2981 1374 3046 monaehi,
1399 2981 1540 3052 maj0rque
1552 2979 1693 3051 minorque
1710 2993 1717 3032 τ

102 3049 179 3102 «Heu
191 3049 255 3102 mibi
268 3047 273 3101 l
285 3049 349 3119 quid
360 3057 462 3102 tarnum
472 3051 586 3120 populos
595 3053 735 3109 celebrare
745 3055 936 3127 sepulcrumf]
952 3049 1091 3102 lTssstsslmiS
1116 3050 1236 3105 celebri!
1259 3051 1371 3106 illinies
1392 3067 1474 3106 sexus
1488 3060 1610 3124 ultique·

100 3119 211 3172 fludio‘.>
225 3119 290 3190 qnid
306 3127 396 3173 tantus
410 3120 497 3188 plebis
512 3137 663 3177 concursus
678 3126 711 3178 ad
726 3125 792 3181 illud

99 3190 275 3243 Pervelliturf
290 3190 400 3253 Verum,
418 3191 525 3259 conjux,
541 3209 575 3245 an
595 3193 663 3248 falsa
678 3195 829 3253 videntur?

99 3260 201 3314 Estimo
216 3259 285 3314 falsa
300 3261 389 3330 magis
405 3261 533 3333 vulgares
549 3263 587 3317 ire
603 3280 652 3333 per
667 3281 755 3335 aures,

99 3332 216 3401 llartyra
231 3332 355 3401 (quami)
370 3331 466 3402 dignas
482 3333 561 3388 talem
580 3336 710 3391 meruisse
725 3354 840 3393 coronas
855 3358 861 3394 τ

96 3401 204 3455 Talibus
218 3402 357 3471 auspiciis,
374 3404 466 3466 crede,
484 3412 524 3458 est
547 3404 643 3459 delusa
655 3415 772 3462 caterva.

97 3472 150 3526 Sed
166 3481 264 3533 tamen.
282 3481 310 3526 ut
325 3482 413 3527 certos
428 3472 507 3530 faciat
526 3491 585 3539 nos,
604 3477 713 3532 nuntius
727 3480 807 3545 adsit,

96 3543 202 3614 Quique
218 3551 261 3596 eat
276 3551 302 3598 et
325 3545 419 3598 redeat
445 3545 547 3615 rapidis
562 3546 612 3600 sub
626 3549 766 3619 gressibus
779 3570 786 3615 ;
798 3551 833 3606 ad
848 3567 899 3607 nos

97 3616 175 3668 Certa
191 3614 289 3678 ferens,
306 3614 404 3669 dubios
419 3624 495 3671 caret
511 3617 660 3673 dissolvere
674 3620 771 3675 nodos.

96 3685 184 3752 Unde,
201 3701 261 3757 age,
278 3687 557 3768 carocomes,aliquis
572 3689 691 3744 mittatur
709 3691 842 3758 alumnus,

95 3756 204 3827 Porgat,
216 3757 287 3810 etad
302 3757 433 3811 tumulum
447 3767 536 3813 veniat
551 3759 596 3831 qni
611 3769 707 3816 cuncta
722 3763 851 3834 requirat.
871 3790 881 3810 i

96 3827 221 3890 Portitor,
234 3827 269 3881 ad
285 3827 416 3881 tumulum
431 3830 567 3900 gradiens,
586 3847 615 3885 se
629 3831 809 3901 dicereJussit

96 3898 237 3964 Custodes,
254 3897 313 3950 istis
328 3914 388 3968 quae
403 3898 437 3952 sit
457 3901 589 3955 sententia
606 3900 685 3956 firma

96 3968 198 4031 liebus,
217 3985 276 4038 cquae
292 3967 409 4038 populus
424 3980 545 4039 resonat,
562 3972 606 4042 qui
623 3989 685 4027 vera
698 3972 824 4031 fatentur.

93 4039 209 4093 Nuntius
225 4039 269 4093 ille
283 4040 368 4093 miser
382 4048 505 4095 sanctum
520 4041 658 4098 celebrare
671 4046 825 4114 sepulcrum

96 4109 211 4175 ltistulit,
228 4125 260 4165 ac
276 4125 374 4165 vaerias
395 4111 583 4181 depromserat
598 4130 645 4170 ore
659 4114 780 4187 loquelas
798 4135 805 4170 :

96 4202 106 4227 a
125 4181 244 4233 llortuns
259 4181 302 4235 hie
318 4180 450 4235 recubans
465 4182 511 4236 vili
525 4184 576 4237 snb
591 4185 692 4255 cespite
709 4195 806 4252 tectus,

95 4251 191 4320 lnquit.
209 4267 263 4305 non
278 4252 377 4323 poterit
391 4251 506 4306 validam
521 4263 651 4323 praestare
673 4257 819 4312 medelam.
840 4280 850 4303 i

94 4320 157 4376 llaec
174 4322 242 4375 latus
258 4338 362 4391 vaecors,
379 4323 495 4391 pedibus
510 4339 572 4378 mou
588 4326 703 4395 perculit
718 4344 812 4382 urnam

94 4391 264 4462 Despiciens,
281 4393 355 4447 abiit.
371 4392 519 4448 Confestim
534 4395 618 4466 pestis
633 4396 724 4468 iniqua

951 3118 1032 3172 Clara
1046 3120 1176 3175 salutiferi
1192 3123 1322 3177 miracula
1336 3118 1463 3194 martyris
1478 3137 1573 3178 omnes

952 3189 1088 3243 Laudibus
1102 3191 1239 3264 astrigero
1251 3193 1369 3265 iungunt
1383 3200 1458 3247 trans
1474 3193 1565 3248 nubila
1580 3190 1673 3247 circlo.

952 3261 1095 3315 Pontifices
1111 3263 1179 3316 terni
1189 3279 1237 3316 sur
1257 3271 1305 3318 unt
1320 3280 1352 3319 ex
1368 3264 1476 3334 agmine
1492 3271 1577 3328 tanto,

950 3330 1095 3385 Pincianus
1110 3340 1136 3387 et
1151 3280 1305 3388 lnsoaffdus
1320 3342 1346 3389 et
1362 3333 1602 3397 Ermanacbarius‚

950 3399 1071 3468 Quorum
1087 3403 1202 3473 quisque
1218 3404 1260 3457 sui
1276 3420 1377 3474 corpus
1391 3404 1553 3460 decreverat
1569 3418 1630 3457 esse

948 3471 1030 3531 luris,
1048 3481 1073 3524 et
1089 3473 1218 3527 etnmnlo
1233 3475 1345 3544 eupiunt
1355 3473 1466 3529 auferre
1478 3476 1587 3530 beatum
1605 3492 1611 3527 :

987 3563 998 3590 ε
1015 3542 1086 3596 Ecce
1101 3543 1155 3598 mei
1171 3543 1240 3610 juris
1253 3544 1333 3598 tellus
1348 3552 1421 3599 tenet
1431 3561 1496 3599 ossa
1511 3551 1627 3606 sacrata,

950 3612 1056 3667 Primus
1071 3613 1123 3677 ait,
1141 3613 1272 3684 requiem,
1290 3614 1413 3670 hicelam
1439 3623 1550 3670 sanctus
1563 3623 1637 3668 astra
1645 3615 1750 3685 petivit,

949 3683 1074 3755 Ceperat,
1095 3684 1139 3739 hic
1153 3684 1271 3754 primum
1293 3685 1379 3757 signis
1395 3695 1435 3739 est
1448 3686 1571 3755 proditus
1585 3685 1696 3739 almis.»

986 3775 998 3803 a
1016 3753 1134 3821 Talibus,
1151 3755 1221 3811 alter
1243 3757 1288 3824 ait,
1305 3757 1470 3811 contendere
1483 3755 1579 3810 desine
1594 3754 1696 3820 verbis,

949 3824 1062 3889 Frater;
1080 3833 1169 3880 amata
1193 3825 1259 3880 milri
1283 3826 1454 3882 manifestum
1469 3834 1510 3880 est
1534 3841 1618 3880 carne
1632 3825 1749 3968 ppopin-

1668 3913 1752 3968 quum

948 3965 1025 4020 Hunc
1035 3964 1093 4020 fore
1109 3985 1115 4033 ;
1131 3967 1205 4023 hunc
1224 3968 1289 4023 aluit
1311 3967 1750 4039 parochiaqrramregopraesu13

948 4034 1016 4090 Hinc
1030 4036 1163 4092 oriundus
1178 4046 1248 4105 erat,
1260 4040 1356 4094 sumsit
1365 4040 1516 4110 primordia
1533 4039 1618 4094 vitaeb
1636 4056 1643 4093 :

947 4105 1049 4174 Quare,
1062 4107 1124 4176 jure
1149 4109 1215 4164 mibi
1232 4118 1336 4182 martyr
1349 4111 1507 4166 conceditur
1517 4111 1614 4164 almus·
1631 4133 1642 4157 i»

982 4177 1096 4242 Tertius,
1114 4178 1157 4234 bis
1172 4180 1262 4246 dictis,
1279 4189 1367 4236 vatem
1386 4182 1534 4252 compescit
1544 4189 1690 4251 utrumque
1707 4197 1712 4232 :

905 4312 909 4317 ,
948 4248 1087 4303 «Talibus
1113 4251 1264 4306 adstantem
1287 4252 1378 4307 verbis
1393 4269 1510 4308 onerare
1525 4259 1661 4308 catervam

944 4319 1003 4372 lam
1019 4319 1108 4385 sinite,
1124 4329 1151 4375 ot
1166 4323 1255 4393 potius
1266 4323 1374 4378 tandem
1394 4340 1454 4378 mea
1475 4324 1545 4379 dieta
1560 4331 1660 4377 tenete.

908 4387 1034 4468 DQuam
1050 4392 1150 4461 praesul
1167 4394 1252 4448 tenuit
1276 4393 1380 4461 sedem,
1396 4409 1477 4465 qnam
1492 4393 1621 4465 dogmate
1635 4408 1713 4447 sacro

93 4462 211 4532 Corripit
226 4465 307 4530 hunc,
325 4465 411 4518 donee
426 4464 547 4520 lacerans
562 4482 593 4522 ac
609 4467 715 4522 viscera
735 4475 873 4541 torquens,
946 4460 1078 4515 lssSfrqul
1093 4462 1166 4525 felix.
1184 4464 1254 4520 hanc
1268 4474 1376 4521 sacrent
1401 4465 1523 4520 membre
1550 4465 1639 4529 bestia,

93 4533 228 4587 Tristibus
244 4535 365 4605 eloquiis
381 4535 462 4589 vitam
478 4553 539 4591 cum
555 4534 608 4591 fine
633 4538 750 4610 reliquit.

93 4604 154 4657 Non
170 4605 256 4658 risere
272 4614 317 4660 tuo
332 4606 459 4666 adventu,
476 4623 526 4664 nec
541 4608 640 4680 gandia
666 4619 767 4679 portae,

93 4674 141 4728 His
159 4674 235 4728 laetus
254 4676 372 4730 dominis
387 4700 392 4727 i
406 4678 432 4730 ni
449 4687 474 4732 te
489 4679 599 4744 misere,
617 4680 713 4735 viator.

95 4745 173 4799 Disce
188 4746 239 4798 tuis
251 4747 339 4813 ponis
349 4748 393 4801 nul
406 4759 633 4805 umcontemnere
644 4760 784 4806 sanctum:

93 4817 260 4887 Sanctosqui
272 4818 375 4881 temnit,
387 4818 707 4876 dominumcontemnere
717 4833 822 4878 certum
831 4834 872 4879 est
885 4847 891 4891 ;

92 4887 240 4957 Poplitibus
253 4889 349 4950 melius
364 4889 440 4943 flexis
455 4905 550 4946 orasse
573 4892 680 4946 beatum

91 4958 214 5028 Namque
223 4957 300 5021 foret,
314 4960 413 5029 plantis
423 4978 501 5031 quam
512 4979 616 5017 sacram
635 4964 749 5019 tundere.
760 4967 890 5023 tumbam.

126 5028 261 5082 l'erulnlus
278 5038 424 5099 expectans
439 5033 584 5096 Ebroinus,
601 5035 713 5104 portitor
728 5037 761 5090 ad
774 5054 804 5091 se

94 5096 165 5165 Quid
182 5099 260 5166 ferat,
277 5108 301 5153 et
316 5101 424 5164 dubius,
442 5104 516 5157 varia
532 5122 593 5159 cum
605 5114 696 5160 mente
711 5108 837 5170 nutabat:

91 5171 130 5222 dc
146 5186 238 5224 secum
253 5171 335 5225 tristis
349 5173 431 5228 tacita
444 5190 506 5229 cum
521 5191 588 5230 voce
608 5186 748 5231 susurrat:

93 5262 104 5287 «
123 5240 177 5293 Cur
193 5249 281 5295 cessat
296 5242 375 5297 toties
394 5243 509 5299 farmulus
525 5247 569 5316 qui
586 5247 806 5304 missusabibat?

91 5309 144 5364 Cur
157 5311 238 5365 etiam
255 5313 343 5367 tardat
365 5317 514 5371 remeans?
528 5318 571 5371 rel
588 5334 642 5372 non
657 5319 716 5373 sine
731 5323 838 5376 caiisa?

92 5384 150 5506 atq
159 5382 381 5510 istrirq7qnprema
396 5386 454 5440 tulit
470 5403 541 5453 sors,
557 5396 586 5442 nt
600 5389 673 5459 prins
689 5390 764 5444 illum

151 5469 205 5508 ers.
281 5497 287 5508 .

116 5563 221 5616 annspe
238 5569 363 5616 acerram,
383 5573 426 5609 sen
443 5564 546 5610 domum
562 5565 639 5619 janna
653 5568 692 5612 ret
711 5567 766 5611 ostii
786 5570 889 5616 cardine

92 5611 218 5656 nudatam.
232 5614 265 5658 tf.
281 5616 356 5667 cong.

945 4532 1008 4586 llrec
1023 4533 1101 4586 decet
1116 4534 1225 4589 alterins
1241 4535 1314 4590 sedis
1330 4552 1384 4616 quo
1398 4536 1507 4590 insorte
1523 4536 1652 4605 quiescat.
1668 4556 1680 4584 ι

980 4602 1141 4658 Conticuere
1152 4621 1258 4672 omnes,
1276 4606 1367 4678 digitis
1382 4607 1462 4661 simul
1477 4621 1525 4662 ora
1536 4606 1708 4678 premebant.

945 4672 993 4726 llis
1007 4673 1096 4737 dictis,
1113 4675 1234 4730 riralioris
1249 4692 1330 4747 opem
1343 4678 1496 4732 nanciscier
1510 4684 1605 4748 optant

944 4744 1078 4798 Consilii:
1096 4753 1215 4800 statuunt
1233 4748 1360 4817 precibus
1372 4748 1473 4817 jejunia
1495 4748 1584 4818 jungi.

944 4813 1105 4884 Hispariter
1119 4825 1224 4871 certant
1247 4835 1383 4873 sumntum
1407 4818 1515 4890 pulsare
1526 4821 1687 4884 Tonantem,

943 4884 1030 4953 Cujus
1040 4886 1112 4942 hune
1123 4888 1227 4942 meritis
1243 4889 1332 4960 potius
1355 4890 1507 4945 concedere
1523 4890 1613 4945 vellet.

943 4955 1025 5009 Totus
1040 4973 1158 5028 namquo
1173 4959 1233 5014 dies
1248 4961 1356 5030 hymnis
1378 4960 1534 5015 extenditur
1549 4961 1637 5023 almis

943 5026 1069 5099 Pervigili
1084 5029 1205 5084 excubiis
1219 5044 1282 5085 eura
1295 5046 1347 5086 nox
1363 5031 1422 5101 ipsa
1447 5038 1566 5086 tenetur.

943 5098 1015 5156 Post.
1033 5106 1145 5152 ventura
1160 5101 1219 5155 dies
1235 5116 1341 5156 sacram
1357 5102 1399 5155 cui
1420 5103 1526 5156 tradere
1541 5102 1658 5173 palmam

942 5168 1079 5237 Depulsis,
1095 5170 1176 5225 vellet
1199 5171 1330 5236 tenebris,
1346 5189 1444 5226 aurora
1460 5173 1578 5228 rubebat
1594 5191 1601 5227 :

942 5238 1056 5303 Interea,
1076 5248 1102 5294 et
1118 5241 1235 5297 l‘hirbus
1252 5243 1332 5297 rutilo
1348 5244 1466 5298 surrexit
1481 5245 1517 5299 ab
1532 5252 1602 5299 ortu.

942 5308 1087 5365 Pontifices
1097 5327 1161 5366 aras
1175 5322 1273 5367 ornant
1290 5314 1442 5396 missasque
1452 5315 1600 5373 celebrant.

941 5381 1075 5436 Intentum
1086 5383 1216 5453 populum
1228 5399 1306 5441 sacro
1318 5384 1446 5440 libamine
1457 5393 1581 5456 pascunt,

978 5470 1054 5524 Pers.
1067 5472 1129 5525 943.

965 5574 1050 5638 ῌῑωο
1059 5585 1146 5622 eorum
1157 5579 1290 5626 sententia
1300 5581 1385 5627 tarent
1395 5578 1438 5679 qni
1450 5582 1475 5626 s.
1490 5577 1673 5635 Leodegurium
1685 5578 1742 5624 rie-

939 5630 999 5673 tard
1014 5631 1108 5682 natum,
1119 5630 1158 5676 rel
1169 5630 1201 5677 de
1211 5638 1287 5689 neate
1297 5634 1357 5680 Plet.
1372 5644 1402 5681 or
1413 5633 1508 5678 undam
1521 5634 1663 5678 antumant.
