3772 6112
424 254 570 316 atussa
584 253 791 313 ostentatam.
806 283 842 296 -
856 254 967 312 aelst.
984 253 1034 311 nb
1049 253 1177 311 GALAT.
1562 254 1615 313 tta

118 389 149 441 at
161 381 197 440 ob
213 383 268 439 boc
287 381 427 439 uideretur
435 381 479 438 vel
494 382 568 452 quod
577 381 699 436 Christus
708 395 764 436 non
777 379 958 441 Amissionea
971 380 1051 436 dictae
1070 386 1133 434 sunt
1151 377 1276 447 Abrahae,
1303 383 1330 432 et
1354 375 1452 432 semini
1472 376 1540 446 ejus.
1565 377 1615 434 llic

92 487 129 541 rs,
140 472 184 529 vel
199 472 274 544 quod
283 472 338 528 duo
348 471 386 526 dii
396 479 498 526 essent.
509 471 552 525 Ad
563 470 637 542 quod
649 485 760 542 respon·
809 479 900 526 autem
915 484 1011 525 semen
1024 469 1141 525 Abrahae
1155 467 1220 524 dicti
1235 474 1297 524 sunt
1317 465 1378 521 lilii.
1387 465 1497 535 Christi,
1514 464 1546 519 id
1561 472 1614 532 est,

96 559 234 619 mediator
245 576 301 616 non
315 568 357 617 est
370 560 450 615 unius
466 559 514 615 sed
529 559 647 614 duamm
668 566 758 615 extre·
809 573 905 614 omncs
918 558 1072 615 credentes.
1084 558 1185 614 Vemm
1199 557 1305 629 quoties
1319 554 1443 613 Christus
1455 553 1613 610 nominatur

114 657 206 707 nmen
231 657 272 705 est
291 650 365 705 Deus
379 665 450 704 unus
464 665 528 705 cum
541 649 600 703 Deo
615 648 696 704 Patre
710 664 760 720 per
810 664 903 704 semen
917 648 1044 714 llbrabae,
1060 646 1241 719 corporaliter
1264 645 1437 701 sentiendum
1454 651 1495 700 est
1512 661 1519 699 :
1538 642 1613 716 quod

92 745 227 809 naturam,
244 738 288 795 cui
304 737 405 794 mediat
421 754 472 810 per
486 739 642 793 hammam.
810 737 914 794 scilicet
927 753 961 793 ex
974 736 1034 806 ejus
1048 736 1133 808 stirpe
1147 742 1306 810 generetur.
1323 733 1438 805 Quoties
1453 741 1545 790 autem
1559 747 1612 788 nos

811 826 857 898 qui
872 826 1010 882 credimus
1024 825 1052 880 in
1068 842 1132 881 eum
1145 824 1261 881 dicimur
1281 839 1375 880 samen
1398 823 1525 890 abraha,
1548 829 1614 879 tuno

92 855 338 915 tt.-tledtator.
351 855 406 911 Lex
420 870 503 927 qnam
517 855 600 910 babet
614 853 759 921 mediator,
845 914 875 926 ..
938 914 943 927 ,
1165 914 1171 925 ,
1240 913 1246 925 .

811 914 989 987 spiritualiter
1000 930 1094 971 semen
1109 914 1173 970 fider
1186 928 1315 986 accipere
1331 912 1476 970 debemus.

92 944 142 1015 suli
155 951 260 1000 tantum
275 951 317 1001 est
333 961 340 1000 :
357 944 406 1000 sed
425 953 517 1000 tamen
544 943 603 1014 ipse
618 943 759 1012 mediator,

92 1041 190 1089 autum
205 1033 286 1089 unius
301 1033 405 1105 populi,
422 1032 450 1088 id
466 1040 518 1100 est,
533 1032 692 1088 ludaeorum
714 1030 762 1104 qui

92 1118 219 1179 rbuerunt
234 1121 284 1177 sed
298 1131 323 1178 ct
338 1120 491 1194 gentilium,
505 1127 532 1177 ot
546 1120 609 1176 ideo
622 1136 676 1176 non
687 1136 762 1192 quae-
1121 1092 1234 1149 CAPUT
1248 1092 1294 1149 lv·

92 1226 144 1278 um,
158 1217 188 1266 ut
202 1211 327 1266 habeatis
349 1211 545 1310 mediatorem.¹
561 1209 693 1265 Mediator
707 1225 762 1265 non
848 1242 934 1298 Vm·
947 1243 1093 1301 1.-ὒὶεο
1107 1247 1214 1311 autem,
1226 1249 1278 1299 etc·
1295 1241 1377 1299 Modo
1391 1257 1440 1298 vos
1454 1240 1573 1316 geum&
1583 1248 1611 1298 e,

92 1314 110 1367 ³⁹
126 1299 176 1355 sed
190 1307 281 1354 ”men
296 1306 338 1398 0⁸}
350 1316 421 1354 ⁰⁰⁰⁸
437 1317 443 1354 ²
461 1298 598 1398 ⁸Uffi9¹⁰n⁸
616 1299 651 1396 δᾳ
666 1313 762 1353 ⁰¹¹¹¹¹⁰⁵
812 1345 864 1388 nos
877 1330 965 1387 ludaei
979 1348 1073 1387 sumus
1088 1331 1198 1401 Christi,
1211 1340 1237 1387 et
1252 1346 1345 1387 semen
1355 1331 1475 1387 Abrahae
1485 1338 1512 1386 et
1526 1331 1612 1388 haere·

93 1387 182 1489 ,ΜΨ
196 1388 265 1455 D00’
286 1402 350 1460 qum
364 1387 448 1459 ΒΜ
473 1396 499 1444 ‘³‘
521 1388 584 1444 ¹d⁸⁰
608 1385 684 1442 ahud
707 1402 765 1442 '¹⁰¹¹
813 1420 873 1476 des.
891 1419 946 1477 Sed
958 1419 1024 1477 olim
1039 1436 1089 1476 nos
1101 1420 1189 1476 ludaei
1203 1420 1255 1475 sub
1270 1420 1333 1493 lege
1348 1435 1459 1477 eramus
1474 1420 1539 1475 dum
1553 1435 1615 1491 par·

92 1492 118 1533 ¹⁸
131 1490 167 1534 ⁶¹·
813 1508 868 1564 ruli
884 1507 985 1566 luimus
998 1507 1068 1565 sicut
1081 1510 1171 1567 haeres
1185 1507 1301 1579 lutums,
1328 1516 1355 1565 et
1377 1525 1393 1564 a
1411 1517 1488 1582 patre
1510 1508 1612 1564 substi-

96 1594 143 1651 ti.
155 1623 190 1634 -
205 1593 262 1648 len
277 1587 353 1664 ergo,
363 1601 415 1648 etc.
426 1591 655 1666 Quandoquidem
666 1591 709 1648 lex
721 1599 764 1647 est
814 1603 897 1653 tutus.

92 1680 348 1753 transgressionem,
372 1696 440 1755 ergo
464 1690 507 1738 est
527 1681 565 1736 ita
583 1688 678 1738 contra
693 1696 761 1752 pro·
851 1687 936 1743 Vnus.
949 1691 975 1743 3.
988 1687 1088 1744 -Sub
1107 1688 1265 1745 elementis.
1287 1688 1318 1742 ln
1335 1686 1479 1744 elementia
1496 1701 1612 1744 neome-

92 1776 165 1843 tper
181 1785 242 1826 eam
256 1770 403 1843 impleatur
412 1770 493 1826 aliter
502 1786 585 1844 quarn
595 1741 797 1841 promissumB
812 1775 881 1843 nias,
897 1775 926 1831 id
940 1783 982 1831 est
996 1775 1105 1832 lunares
1120 1775 1189 1848 dies,
1202 1784 1229 1832 et
1245 1774 1389 1833 sabbatum
1400 1775 1547 1850 significat,
1558 1790 1614 1831 non

92 1857 173 1932 lquia
187 1876 221 1915 ex
235 1859 298 1932 lege
312 1875 367 1914 non
383 1867 424 1915 est
439 1859 505 1926 vita,
531 1859 560 1914 id
583 1866 635 1927 est,
661 1866 762 1916 aeterna
812 1866 886 1937 quod
904 1864 933 1920 in
942 1864 1086 1921 elementis
1104 1873 1247 1936 sperarent
1260 1873 1289 1920 ut
1303 1865 1416 1937 pagani,
1433 1864 1483 1921 sed
1498 1864 1572 1938 quod
1585 1864 1614 1920 in

92 1962 102 2004 t
119 1948 204 2021 aquia
219 1947 242 2002 si
257 1947 321 2004 inde
342 1956 415 2004 esset
429 1947 493 2014 vita,
518 1954 582 2003 tunc
597 1956 623 2003 et
634 1947 759 2018 justitia:
811 1951 855 2009 his
864 1953 953 2010 Deum
961 1961 1170 2011 venerarentur.
1185 1955 1294 2011 flendi.
1306 1952 1377 2024 Quia
1391 1953 1435 2011 lex
1450 1970 1504 2010 nou
1516 1952 1613 2010 coelea·

92 2042 136 2093 eat
151 2052 184 2092 ex
199 2052 232 2092 ea
244 2036 359 2107 justitia,
375 2036 425 2092 sed
439 2037 529 2108 potius
545 2037 718 2104 condemnat,
735 2045 762 2093 et
812 2042 850 2098 tia
865 2043 914 2099 sed
928 2049 1040 2100 terrena
1054 2042 1230 2117 promittebat
1246 2061 1253 2099 :
1268 2043 1313 2100 rel
1328 2041 1497 2112 transitoria,
1523 2050 1553 2098 ut
1573 2049 1614 2098 est

92 2132 143 2183 ato
158 2125 305 2182 concludit.
323 2127 357 2180 Et
372 2126 425 2182 hoc
440 2132 481 2181 est
496 2125 570 2198 quod
583 2124 684 2182 dicitur
700 2142 706 2181 :
811 2133 940 2188 mundus.

92 2214 211 2314 &ludii
229 2215 388 2313 impilm·
408 2214 518 2270 Judae⁰⁵
537 2214 648 2313 9⁰¹¹¹i¹¹⁰
665 2213 762 2314 ⁰1⁸⁰&
848 2250 932 2305 Vnus.
942 2251 969 2307 l.
980 2279 1016 2290 -
1028 2249 1265 2323 Venitptenitudo
1281 2250 1426 2323 temporis.
1438 2249 1470 2304 ld
1483 2257 1526 2305 est
1540 2256 1613 2321 post-

92 2300 258 2359 ttadommro
268 2303 312 2358 lex
322 2318 394 2401 ipsa,¹
404 2310 431 2401 et
441 2303 560 2403 ostendit
569 2319 665 2358 omnes
674 2303 763 2359 homi·
811 2353 893 2411 quam
908 2345 995 2394 ,oum
1009 2338 1126 2410 spatium
1140 2337 1207 2393 fflud
1221 2336 1271 2393 sup
1285 2337 1473 2410 adimpletum,
1499 2353 1554 2410 quo
1568 2337 1612 2394 lex

92 2391 188 2493 insul)
199 2391 760 2496 P²⁰⁰Vi⁰3⁰²fl¹⁰¹ffffet¹³madlffflnflnfffl
811 2426 911 2483 durare
925 2426 1029 2495 debuit,
1046 2434 1110 2483 tunc
1124 2426 1199 2482 misit
1213 2427 1298 2494 Deus,
1314 2435 1367 2482 etc.
1379 2426 1531 2483 Plenitudo
1545 2430 1614 2484 tene·

92 2483 110 2536 ἲ
117 2481 192 2580 ”fui
206 2497 303 2578 ‘’mnf“
312 2497 344 2536 ¹⁷²
359 2484 482 2550 mmuh
493 2484 526 2536 “t
540 2498 669 2579 ΨΜ
678 2497 762 2538 ''m‘'
809 2517 897 2589 poris.
915 2514 1025 2573 Sciebat
1035 2516 1145 2589 quando
1156 2515 1250 2573 venire
1263 2515 1385 2582 deberet,
1395 2514 1439 2571 vel
1450 2514 1532 2571 etiam
1546 2514 1611 2587 pati,

92 2569 159 2625 “⁰⁸¹⁸
173 2577 293 2640 P0⁰⁰³t¹⁵
308 2585 358 2640 Pffl‘
372 2569 463 2642 legem
478 2570 680 2636 ⁰⁰⁰⁰¹⁰⁸¹⁸¹¹¹¹tt
692 2577 722 2624 ¹¹²
731 2585 762 2626 ⁵⁶
811 2611 864 2661 etc.
880 2604 944 2661 Non
959 2613 1000 2661 est
1014 2604 1087 2661 eninr
1100 2604 1171 2660 hora
1185 2603 1244 2674 ejus
1259 2604 1303 2660 vol
1318 2610 1423 2671 nostra,
1448 2602 1502 2659 nisi
1515 2603 1612 2659 volun·

105 2672 162 2714 ⁰⁰¹¹
178 2659 293 2760 P⁰⁸⁵i¹¹ffa
314 2658 364 2714 sed
387 2666 510 2730 (ΨΜ
534 2658 759 2758 misffiwdiflm·
810 2699 853 2748 tas
868 2693 936 2762 ejus.
948 2695 1019 2749 Ante
1028 2700 1121 2750 tamen
1130 2692 1215 2766 longa
1223 2693 1311 2749 series
1320 2708 1484 2764 praeconum
1495 2692 1613 2765 praemit·

107 2749 153 2804 2³.
174 2775 210 2786 -—
232 2749 412 2819 Priusquam.
437 2749 508 2802 Ante
529 2745 592 2802 fider
616 2746 762 2802 adventum
811 2781 892 2838 ,enda
906 2790 974 2837 em·

92 2835 165 2892 ulex
178 2835 290 2892 ludaeis.
313 2838 422 2893 Veniret
441 2837 519 2906 fides.
547 2836 701 2907 spontanea
720 2843 762 2893 est
846 2870 1003 2928 mmm
1013 2870 1228 2937 Filiumfflnde,

92 2939 130 2981 nn
142 2925 246 2981 nullum
261 2925 389 2981 meritum
402 2925 554 2981 aduocauit.
580 2926 761 2983 Custodieba-

1238 2869 1612 2943 lipouPotreexiui,etueni

143 3013 148 3024 .
204 3014 209 3024 .
367 3015 372 3025 .
530 3015 535 3026 ‚
620 3013 625 3024 ,
753 3014 760 3026 ,
810 2957 927 3017 inbuite
935 2959 1308 3032 mundum(loan.xv1).llt
1323 2967 1416 3016 tamen
1435 2958 1470 3014 de
1485 2957 1532 3014 illo
1547 2958 1613 3015 dicit

92 3014 222 3082 nubea,
239 3014 288 3069 sed
303 3031 384 3070 servi.
403 3016 544 3072 Conclust.
555 3015 590 3071 Ut
605 3030 644 3071 sta
659 3021 762 3070 assueti
810 3047 988 3122 Evangelim
1001 3047 1122 3104 Joannes
1138 3066 1145 3102 :

1162 3049 1195 3104 ln
1214 3048 1320 3105 mundo
1344 3051 1416 3116 eret
1438 3047 1612 3105 otmundus

92 3101 760 3263 Jfflg‘fflnegglffialffifflgreemcffi
777 3103 861 3299 Οἴα
879 3138 974 3210 ipsum
991 3140 1087 3210 scetus
1096 3141 1149 3206 eat,
1160 3141 1189 3193 et
1198 3137 1324 3193 mundus
1334 3152 1399 3193 eum
1408 3153 1466 3193 non
1476 3138 1604 3210 cognom

92 3287 157 3338 arta
171 3288 244 3349 sunt,
260 3297 321 3352 quae
335 3280 413 3352 prius
431 3281 559 3337 obscura.
582 3281 656 3337 llcce
671 3281 759 3337 honor

92 3368 134 3425 nia
148 3369 294 3426 custodivit
308 3377 338 3424 ut
351 3370 519 3441 pedagogus
535 3387 543 3424 ε
559 3371 609 3425 sed
632 3371 685 3427 hoc
704 3385 759 3425 non

110 3466 162 3526 eat,
188 3457 250 3531 quia
272 3459 326 3516 hoc
349 3475 498 3531 puerorum
520 3466 570 3526 est,
595 3474 652 3515 non
676 3458 758 3515 adul·

821 3227 888 3284 ldid.
905 3227 937 3299 1).
953 3226 1060 3284 Deinde
1074 3224 1215 3300 conjungit
1234 3243 1242 3281 τ
1260 3227 1424 3298 inproprie
1442 3230 1531 3282 venat.
1544 3225 1613 3282 Illuc

809 3331 877 3388 ergo
892 3315 992 3371 missus
1007 3323 1058 3382 est,
1069 3315 1117 3370 ubi
1130 3323 1199 3371 erat.
1210 3314 1288 3371 Unde
1303 3323 1331 3370 et
1341 3314 1409 3370 illud
1419 3315 1557 3386 Propheta
1566 3313 1610 3371 di-

809 3404 863 3462 cit:
877 3407 1138 3463 delumetterram
1149 3420 1198 3476 epe
1217 3405 1322 3476 impleo
1333 3403 1402 3474 (ler.
1418 3404 1514 3475 xxru).
1531 3402 1612 3474 Qua·

809 3493 927 3550 rendum
938 3500 1056 3566 estergo
1066 3492 1204 3563 quomodo
1214 3491 1442 3563 intelligaturista
1455 3491 1561 3548 missio.
1581 3492 1611 3550 Si

810 3580 979 3654 ergosobrie
989 3581 1023 3637 de
1038 3579 1089 3635 bei
1105 3581 1174 3636 Filio
1193 3596 1252 3652 qaae
1267 3579 1353 3652 digna
1372 3587 1436 3635 sunt
1454 3581 1609 3653 opinemur,

809 3670 872 3728 ideo
881 3670 996 3725 missum
1005 3668 1158 3743 intelligere
1168 3668 1311 3736 debemus,
1324 3668 1388 3740 quia
1399 3684 1433 3723 ex
1442 3667 1490 3724 illo
1503 3668 1610 3725 incom-

809 3755 1612 3832 prehensibiliinenarrabiliquesecretomajestatisprofun-

243 3906 248 3918 ,
313 3904 318 3914 ,
414 3905 419 3915 ,
609 3905 614 3915 ,
809 3847 852 3904 dae
861 3846 937 3904 dedit
947 3862 978 3903 se
988 3843 1277 3917 comprehendendum
1287 3845 1424 3901 mentibus
1439 3845 1541 3902 nostris
1559 3845 1610 3902 Dei

92 3901 129 4005 [²¹
138 3906 172 3962 m
182 3904 302 3972 mmm’
311 3904 339 3959 ¹d
349 3912 400 3977 θεῖ’
412 3921 440 3960 ¹¹²
448 3906 631 3978 ⁹¹⁵⁸q¹¹e¹¹d¹⁸
640 3920 760 3978 prm?
811 3936 940 4004 Verbum,
949 3935 1099 3993 nonsolum
1107 3950 1170 3992 curn
1180 3951 1210 3991 se
1220 3933 1382 4000 exinaniret,
1394 3933 1537 3990 sedetiam
1547 3949 1622 3991 cum·

92 3998 121 4051 ¹¹·
809 4023 1135 4081 habitaretinnobisJix
1144 4022 1612 4093 mulierebsusHebraeaelooutio·

94 4111 140 4167 ut.
150 4138 186 4151 -
195 4111 297 4167 Omnes
310 4111 365 4180 filii
381 4113 431 4168 Dei
444 4113 513 4168 estis
525 4126 578 4185 per
591 4111 685 4182 fidem
700 4110 759 4165 Nos
809 4114 852 4170 nis
860 4113 989 4171 mulieres
998 4113 1063 4170 dicit
1072 4129 1128 4170 non
1135 4112 1346 4186 corruptas,sed
1355 4110 1481 4168 feminas.
1492 4115 1611 4171 Factum

92 4214 182 4271 mpore
200 4198 263 4254 fidei
281 4200 464 4273 pedagogum
484 4199 656 4256 deseruimus
672 4217 680 4255 ε
695 4199 759 4271 quia
810 4203 860 4261 sub
871 4205 939 4276 lege.
950 4204 985 4261 llt
994 4210 1124 4275 appareat
1135 4202 1312 4260 circumcisus
1323 4201 1402 4274 quasi
1411 4201 1482 4257 filius
1493 4202 1609 4258 abrahe

92 4301 120 4344 oa
134 4287 262 4361 gentiles,
279 4289 326 4360 qui
341 4305 396 4344 non
410 4288 542 4344 habuistis
567 4289 668 4362 legem,
693 4287 760 4343 estis
811 4292 920 4365 signum
927 4291 1031 4349 habens
1042 4292 1101 4361 eius
1111 4291 1154 4348 cui
1163 4291 1317 4365 promissus
1329 4290 1436 4358 luerat;
1452 4289 1480 4346 in
1491 4289 1609 4363 quoim·

92 4374 111 4433 d
126 4391 195 4448 ergo
211 4386 300 4432 vestro
314 4377 440 4448 exemplo
455 4376 637 4447 deseruimus,
648 4392 699 4433 ros
712 4390 759 4432 ac·
809 4380 883 4453 pleta
903 4388 945 4437 est
968 4380 1141 4438 circumcisio
1161 4398 1169 4436 :
1186 4381 1278 4454 itaque
1302 4379 1412 4452 signum
1427 4379 1485 4449 jam
1508 4386 1607 4436 cesset.

92 4461 169 4534 Quasi
183 4464 288 4521 diceret
304 4483 310 4520 :
327 4466 391 4521 Non
404 4466 510 4522 debetis
535 4464 588 4522 hoc
608 4464 711 4522 lacere.
728 4466 934 4530 lnDCredidit
958 4469 1032 4527 enim
1054 4469 1194 4526 Abraham
1218 4486 1247 4525 se
1276 4468 1433 4525 habitumm
1456 4465 1560 4535 lilium,
1581 4467 1610 4523 in

92 4553 157 4611 lecu.
172 4554 205 4610 ln
217 4554 386 4611 institutione
401 4554 511 4623 Christi,
528 4562 556 4612 et
577 4555 612 4611 ad
632 4553 760 4610 similitu·
811 4575 866 4632 quo
879 4557 1109 4617 benedicerentur
1121 4573 1217 4615 omnes
1227 4564 1324 4630 gentes
1335 4574 1342 4610 :
1354 4556 1493 4629 quodjam
1508 4554 1609 4614 lactum

92 4641 163 4698 ortis
177 4642 247 4713 ejus.
810 4647 959 4706 credimus.

92 4757 134 4815 tt.
145 4786 181 4799 -
196 4757 342 4815 luduistic.
364 4757 395 4814 ld
409 4766 451 4815 est
465 4757 623 4815 conformes
646 4758 672 4815 ei
695 4758 759 4816 lacti
848 4757 882 4814 llt
891 4754 1081 4829 adoptionem.
1093 4753 1124 4810 ld
1132 4760 1184 4821 est,
1194 4760 1224 4809 ut
1233 4749 1383 4826 participes
1399 4767 1524 4809 essemus
1537 4749 1609 4810 divi·

92 4844 120 4901 td
135 4852 177 4901 est
185 4846 265 4902 vobis
277 4846 367 4903 bonor
377 4854 402 4902 et
412 4855 508 4903 contra
515 4822 598 4904 aestu⁸a
607 4848 753 4920 protectio.
809 4860 853 4901 nae
866 4840 971 4917 gloriae.
989 4841 1063 4901 Sicut
1079 4842 1152 4899 enim
1167 4842 1227 4914 ipse
1241 4848 1340 4898 natura
1351 4840 1508 4914 participat,
1523 4841 1562 4897 ita
1574 4838 1610 4898 ad

92 4939 144 4991 tem
158 4934 283 4991 Christus
298 4936 488 4992 indumentum
504 4937 547 5007 sit,
565 4936 630 4992 alibi
645 4939 759 5009 Aposto
809 4930 899 5006 ipsam
914 4931 1059 4990 ridendam
1072 4946 1124 4987 nos
1139 4930 1261 5003 adoptat.
1274 4929 1343 4987 Hinc
1353 4928 1427 4986 enim
1435 4929 1610 5002 adoptionem

92 5029 102 5077 t
117 5022 212 5081 dicens
229 5042 236 5080 :
253 5025 367 5082 Induite
382 5042 428 5083 vos
452 5020 604 5083 Dominum
627 5031 759 5084 nostrum
809 5020 966 5094 recipimus,
984 5021 1059 5095 quod
1072 5018 1119 5077 ille
1132 5018 1229 5076 unicus
1243 5018 1295 5075 Dei
1309 5018 1393 5075 Filius
1406 5033 1463 5075 non
1477 5018 1611 5091 dedigna-

92 5111 222 5169 tutatum.
235 5114 352 5169 lnduunt
365 5123 455 5170 autem
466 5115 591 5170 homines
602 5116 757 5173 Christum:
809 5117 852 5167 tua
862 5118 904 5167 est
912 5108 1149 5183 participationem
1164 5116 1266 5165 nostrae
1279 5116 1394 5177 naturae,
1403 5107 1492 5164 lactus
1504 5124 1537 5164 ex
1546 5123 1611 5164 mu·

92 5213 207 5273 unaque
222 5201 258 5256 ad
272 5203 478 5274 perceptionem
500 5204 666 5261 sacramenti
682 5223 690 5261 :
705 5204 757 5260 ali-
808 5192 886 5270 liere,
903 5207 932 5255 ut
946 5214 1003 5256 non
1016 5198 1106 5255 solum
1121 5196 1278 5272 unigenitus
1292 5205 1376 5266 esset,
1393 5195 1442 5253 sed
1456 5195 1539 5253 etiam
1552 5195 1611 5271 pri·

92 5287 162 5345 tiam
176 5306 262 5364 usqua
276 5291 311 5345 ad
324 5292 387 5349 vitae
402 5291 655 5349 sanctificationem.
672 5294 757 5350 Etil·
807 5286 964 5362 mogenitus
991 5286 1021 5344 in
1042 5287 1134 5344 multis
1154 5285 1284 5343 fratribus
1312 5284 1401 5343 fieret.
1428 5285 1611 5359 Adoptionem

92 5393 135 5434 nm
147 5377 228 5434 bonis
242 5387 269 5435 et
284 5381 364 5435 melis
380 5388 421 5436 est
436 5397 590 5439 commune.
618 5382 677 5439 linc
690 5382 757 5439 alte·
808 5386 900 5434 autem
922 5375 997 5447 dicit,
1023 5383 1053 5433 ut
1074 5376 1201 5434 distincte
1224 5375 1410 5451 intelligamus
1426 5375 1538 5433 unicum
1559 5372 1610 5431 Dei

92 5492 94 5511 t
107 5468 250 5541 proprium
265 5477 307 5526 est
322 5471 466 5526 bonomm.
807 5465 915 5524 Filium.

92 5572 137 5635 29.
157 5604 192 5617 -
215 5577 287 5649 Erec
309 5578 426 5634 Ahuhoe
440 5593 536 5635 semen
560 5579 638 5637 estis.
656 5576 757 5637 semen
843 5581 929 5641 Vana.
946 5582 974 5639 6.
986 5611 1021 5626 -·
1035 5581 1111 5641 llicit
1121 5584 1205 5643 Deus.
1214 5581 1250 5640 llt
1263 5580 1337 5639 enim
1350 5581 1533 5655 probaremur
1556 5575 1608 5632 ad-

92 5658 175 5723 nun
187 5671 230 5724 est
244 5664 369 5725 Christus
385 5682 393 5723 ε
408 5667 455 5725 abi
468 5667 570 5742 legitur
592 5668 666 5744 quod
686 5682 754 5744 pro·
807 5667 894 5746 optati
908 5668 970 5731 essi
983 5671 1109 5765 albeoin
1117 5671 1200 5746 lilios,
1209 5670 1340 5746 Spintum
1348 5685 1429 5728 suurn
1442 5665 1518 5728 dedit
1530 5663 1612 5724 nobis

93 3635 360 3708 ss.-Poedagopus
370 3641 467 3694 noster
474 3637 573 3709 [uitio
593 3637 759 3693 Christele·

92 3723 185 3781 udone
200 3725 301 3781 Christi
313 3742 319 3781 :
331 3726 378 3797 qui
392 3726 454 3781 ideo
472 3725 596 3793 instituit,
608 3733 637 3780 ut
652 3726 692 3781 sic
708 3741 758 3782 ve-

92 3812 216 3881 dudem,
229 3815 306 3887 quasi
324 3815 403 3886 pueri
411 3815 445 3870 ad
455 3815 650 3886 perlectionem
657 3813 759 3885 justifi-
