3772 6112
116 173 182 241 loir

118 312 206 383 Atque
220 306 347 380 palatinis
361 306 504 378 pereuntia
518 305 630 377 praemia
645 311 770 376 quarunt

119 396 275 468 Obsequiis,
291 403 445 467 ornantque
460 395 549 465 magis
564 410 594 449 sc
609 400 683 449 veste
696 392 782 464 polita

119 485 205 555 Quam
220 485 305 540 radiis
319 484 399 550 vitae;
416 483 556 554 pomposis
571 481 673 539 fercula
688 481 791 538 mensis

119 571 280 630 Glorilicare
294 580 399 644 parant,
417 571 568 627 animamm
583 571 656 627 lucra
670 569 843 642 relinquunt;

118 662 230 719 Deliciis
245 661 320 717 ducti
333 677 382 732 per
396 669 487 716 scorta
497 660 602 716 ruendo
615 659 754 725 volutant3

120 752 177 807 Hac
191 751 295 806 ratione
309 749 377 806 alios
391 765 480 821 neque
496 765 526 805 se
541 748 688 804 defendere
703 754 819 819 possunt
836 765 842 805 :

118 837 198 892 Peste
211 834 336 907 fameque
351 835 460 907 inopem
475 841 588 905 possent
603 832 717 888 solarier
733 833 827 887 orbem

119 924 148 979 Si
161 931 217 979 tota
232 924 329 978 virtute
344 924 403 979 Deo
419 939 469 978 sua
483 923 560 979 lucra
576 920 719 978 referrent.

119 1014 345 1068 lianc-summam
360 1012 496 1069 mercedis
511 1011 621 1077 habent,
639 1011 683 1083 qui
703 1010 802 1065 talibus
817 1008 917 1065 instant

118 1102 221 1172 liebus,
237 1110 405 1157 utaeternam
420 1101 527 1172 capiant
541 1101 568 1155 in
584 1099 684 1155 sinibus
698 1100 779 1155 iram.

119 1226 293 1301 Apostrophe
308 1227 344 1282 cd
355 1227 522 1283 sacerdotes.
548 1226 746 1281 Menaenorum
761 1225 915 1280 cruciabas.

154 1302 191 1355 De
208 1300 333 1372 episcopo
343 1300 680 1370 opcmmoriaoccponte.
696 1297 851 1368 Torqaebur
862 1294 917 1350 Ca-

155 1371 232 1426 rolus
246 1370 360 1441 Magnas
369 1370 400 1425 ob
411 1371 553 1440 impuram
564 1368 720 1431 libidinem,
732 1366 919 1421 interelectos

158 1445 255 1497 iernen
266 1440 513 1497 annumerandus.
529 1440 594 1496 l'itoe
604 1440 740 1495 comitum
755 1436 916 1508 descriptio.

75 1581 83 1586 -
119 1548 142 1605 Ο
158 1546 267 1620 patres!
283 1547 307 1602 si
321 1562 408 1618 pauca
423 1546 533 1610 addam,
550 1561 584 1601 ne
601 1544 730 1616 spernite,
747 1558 850 1615 quaeso.

120 1638 192 1707 Quid
207 1636 271 1693 iacit
285 1637 399 1692 antistes
414 1636 428 1691 i
443 1635 470 1690 in
485 1633 556 1691 ovile
571 1633 651 1704 lupus
667 1633 721 1687 ruit
731 1632 786 1687 ullo

118 1728 180 1782 Non
196 1727 340 1783 claudente
355 1725 439 1796 iores,
451 1725 525 1794 jacet
540 1723 671 1779 ebrietate
686 1721 817 1792 sepultus.

119 1816 226 1881 Pastor,
242 1814 404 1870 adulterium
418 1815 446 1867 in
468 1813 576 1868 Domini
598 1811 765 1868 committere
790 1825 918 1881 sponsam

119 1902 243 1973 Qualiter
257 1902 399 1959 audebis?
413 1900 575 1956 Thalamum
590 1916 677 1972 usque
693 1899 823 1956 inducere
832 1898 919 1953 debes

118 1992 212 2064 Regis,
230 2000 256 2047 et
271 1991 329 2062 ipse
340 1992 447 2046 thomm
461 1987 536 2060 prior
549 1988 681 2043 invasisse
695 2003 747 2043 nec
763 1985 884 2043 borres?

118 2080 202 2136 lliror
215 2079 357 2135 avaritiam
367 2086 502 2134 sacratum
517 2085 611 2149 pectus
626 2077 740 2132 habere.

120 2169 169 2225 Cui
181 2185 276 2225 servas
291 2170 305 2224 i
319 2167 470 2239 desipiam,
486 2181 601 2237 precor;
619 2181 673 2221 nou
684 2164 805 2221 nascitur
819 2164 916 2220 haeres.

119 2257 191 2328 Quid
207 2256 331 2314 cumulas
344 2256 359 2311 i
371 2256 434 2311 Non
449 2255 549 2327 quippe
564 2263 609 2310 tuo
624 2254 675 2309 sub
685 2254 745 2323 jure
760 2252 854 2321 tulisti,

119 2347 174 2403 Sed
188 2347 228 2402 sic
241 2347 314 2402 dona
329 2345 380 2401 Dei
394 2362 455 2417 quae
470 2344 630 2415 dispensare
643 2342 756 2411 juberis.

117 2437 205 2493 Nemo
220 2435 292 2491 bono
307 2434 414 2491 obsistit
429 2434 452 2488 si
467 2441 571 2489 rectum
586 2432 656 2488 velle
667 2432 783 2487 tenebis.

119 2525 191 2594 Quid
206 2525 281 2596 rapis
294 2532 321 2579 et
335 2522 441 2593 tendis,
459 2522 631 2593 solymorum
645 2537 730 2590 more,
752 2519 894 2575 columbas
906 2523 918 2575 l

118 2615 205 2671 Valde
216 2629 282 2671 cave
297 2611 449 2684 expulsum,
465 2611 598 2667 Dominus
613 2626 647 2666 ne
662 2617 784 2681 torqueat
800 2607 865 2663 atris

120 2703 295 2773 Verberibus,
311 2717 480 2774 pompasque
496 2699 565 2756 truci
580 2700 743 2756 condemnet
755 2700 873 2754 Averno.

119 2794 174 2850 Cur
188 2792 236 2847 tibi
250 2807 367 2865 magnus
382 2790 447 2859 eris,
462 2788 644 2853 numerumsi
659 2787 727 2843 sorte
742 2786 882 2842 bidentum

118 2883 155 2939 Te
170 2880 268 2940 recolis
283 2880 383 2936 debere
398 2881 455 2935 Deo
471 2880 580 2952 signare
599 2876 731 2949 potentii

118 2972 221 3029 Crebra
236 2972 287 3026 sub
303 2969 438 3026 occultum
454 2966 558 3023 claudis
573 2965 690 3037 suspiria
704 2973 809 3036 pectus,

116 3062 145 3119 Si
160 3078 215 3118 non
229 3061 328 3115 damna
342 3059 429 3122 doles,
446 3055 611 3112 uerecundia
625 3052 707 3109 ducat
721 3053 754 3107 ab
769 3053 843 3125 igne.

119 3152 241 3223 Cumque
257 3147 361 3204 ridebis
375 3161 440 3201 oves
455 3145 552 3199 dextra
568 3142 615 3212 tui,
631 3149 708 3214 parte
724 3140 832 3196 sinistra

119 3241 187 3295 Esse
202 3247 272 3303 tuas,
289 3251 378 3306 nuper
391 3233 497 3298 ductor,
514 3247 566 3288 nec
580 3240 658 3302 terga
673 3229 807 3302 sequeris,

118 3329 172 3383 Pru
187 3324 346 3395 cunctisque
360 3322 419 3377 lues
431 3320 537 3393 patiens
551 3320 677 3376 incendia
689 3335 794 3391 poenas.

117 3415 188 3471 Nolo
203 3412 250 3468 tibi
265 3411 310 3467 ille
324 3418 414 3478 canat,
430 3408 529 3482 praesul
544 3415 658 3476 sacrate,
674 3409 803 3480 propheta

117 3503 208 3559 Plebis
223 3501 274 3557 erit
288 3500 384 3556 similis
399 3499 487 3555 stultae
502 3498 642 3571 peccando
658 3498 796 3554 sacerdos.

116 3593 186 3648 laus
196 3590 291 3664 gregis
306 3606 368 3645 esse
378 3588 467 3654 stude,
483 3595 509 3643 et
532 3586 655 3644 coelestia
675 3601 763 3658 regna
789 3585 912 3641 mereris.

116 3681 189 3738 Vidit
203 3689 229 3737 et
237 3678 403 3736 horrendum
418 3677 486 3749 ligni
501 3677 653 3749 lapidisque
663 3691 732 3747 opus
747 3675 803 3731 illic

115 3769 226 3826 Materia
240 3776 416 3835 exstructum,
432 3766 536 3822 castelli
548 3781 623 3821 more
634 3765 764 3831 locatum,

115 3858 217 3915 Ordine
233 3856 356 3924 confuso,
374 3870 480 3910 summo
495 3863 574 3926 atque
589 3870 688 3925 vapore
702 3852 834 3924 repletum

114 3947 235 4003 Territus
250 3945 293 4001 his
308 3943 400 4013 lrater,
413 3959 539 4016 quaerens
554 3942 601 4015 qui
610 3958 723 3997 mansor
737 3942 848 4008 inesset,

113 4035 204 4093 Audiit
218 4030 350 4090 inclusam
364 4033 529 4089 monachum
545 4048 594 4102 pro
609 4039 683 4088 sorte
698 4039 835 4087 catemam

112 4123 261 4197 Purgandi,
275 4121 356 4179 variis
370 4121 519 4194 patriisque
535 4120 658 4193 locisque
673 4127 838 4174 manentum.

112 4214 169 4269 llos
183 4211 254 4268 inter
268 4209 388 4282 speciale
404 4217 476 4265 tenet
491 4209 638 4266 discrimen
653 4217 681 4264 et
695 4225 764 4263 unus

113 4303 206 4359 Frater
219 4301 247 4356 in
261 4299 385 4356 illicitum
399 4298 497 4355 cecidit
507 4299 553 4371 qui
568 4298 674 4354 crimen
688 4297 807 4352 habendi
823 4315 830 4351 :

112 4392 236 4448 Secretas
251 4388 394 4446 cumulans
409 4387 509 4458 injusto
525 4387 645 4459 pondere
661 4403 752 4461 gazas,

110 4488 267 4545 Roboream
277 4487 322 4546 ille
337 4487 437 4554 habuit,
454 4502 535 4560 quem
550 4485 678 4558 plumbea
692 4483 814 4557 possidet
833 4497 909 4555 arca,

110 4584 209 4642 iudicii
223 4601 311 4659 usque
326 4581 400 4641 diem
414 4583 497 4639 dubio
512 4581 631 4638 sabiane
647 4582 822 4639 vomendum.

110 4683 168 4738 llac
178 4699 208 4738 sa
222 4680 318 4738 lraude
332 4682 386 4738 duo
401 4681 490 4753 primo
504 4695 647 4736 armauere
661 4679 769 4753 jugales

113 4777 230 4852 Saphira
244 4788 271 4837 et
285 4778 415 4847 Ananias,
427 4778 580 4835 communis
590 4794 656 4834 vasa
671 4777 777 4850 pericli.

112 4876 154 4931 Dc
165 4892 219 4948 quo
235 4877 316 4933 tratre
330 4877 407 4949 prius
421 4877 530 4934 cuidam
545 4876 610 4932 dum
624 4884 702 4948 peste
717 4875 832 4944 laborat,

112 4974 206 5029 Annos
220 4983 281 5031 ante
295 4975 393 5032 decem
408 4975 505 5030 similis
519 4973 653 5030 sententia
669 4973 727 5030 visa
743 4981 794 5040 est,

112 5070 184 5124 Dum
208 5080 349 5140 raperetur
369 5074 397 5129 in
422 5090 558 5131 excessu:
581 5074 692 5144 jamque
725 5072 769 5127 illa
789 5079 910 5128 uetustas

112 5165 226 5235 Dilituit,
242 5167 330 5225 donec
344 5187 478 5229 memores
493 5180 655 5230 revocentur
668 5170 703 5224 ab
717 5169 769 5226 isto
785 5188 792 5226 ε

139 5371 204 5419 ⁸ttic
215 5372 294 5419 abbas
304 5375 359 5419 arat
372 5374 462 5428 uatdc,
473 5373 588 5432 nt'patat
602 5387 633 5424 ex
655 5376 744 5422 titteris
762 5375 909 5424 acrostichis

112 5443 409 5502 versuumscquentlum.
435 5446 518 5492 tt'ctdo
537 5447 678 5493 autemtuit
699 5447 807 5503 primum
830 5447 909 5494 abbas

111 5516 255 5574 buglensis,
267 5516 358 5564 deinde
367 5516 446 5563 sancti
457 5516 570 5572 Dionysii
582 5529 660 5575 prope
669 5521 791 5566 Lutetiam
802 5517 910 5567 Parisio-

112 5598 179 5635 rum.
193 5588 263 5636 Obiit
272 5599 314 5635 an.
327 5591 375 5635 att.
387 5590 462 5636 Basa.

447 180 649 237 WALllFRlDl
662 150 784 235 sinant
797 177 898 234 FULD.
913 141 1001 233 doct.
1021 167 1122 235 PARS·
1142 173 1188 233 ill.
1206 207 1239 219 -
1263 164 1431 234 CdellNA.

929 300 1015 365 Allle
1031 302 1113 357 etiam
1130 302 1173 359 cui
1188 317 1260 359 nunc
1274 303 1369 373 patuit,
1386 317 1459 357 nunc
1474 300 1639 368 audiente,

1655 203 1662 221 ο
1702 174 1771 233 ld'ld

965 390 1069 445 indicat
1085 391 1135 445 iste
1151 391 1228 447 locus
1243 390 1347 457 vitium,
1365 390 1438 463 quod
1453 406 1527 462 sape
1541 396 1650 445 notatur

965 478 1068 549 Saepius
1080 480 1133 535 boc
1141 480 1281 536 monachis
1294 479 1422 551 magisac
1431 478 1520 551 magis
1530 495 1594 535 esse
1605 476 1766 546 carendum,

966 566 1128 640 Succidique
1140 568 1227 637 juvat,
1244 568 1318 640 quod
1333 575 1436 623 tantum
1451 568 1560 639 pondus
1575 567 1707 638 adauget.

966 655 1151 723 Omonache‚
1167 674 1229 713 esse
1245 657 1332 728 cupis,
1362 657 1434 729 quod
1451 666 1477 713 te
1488 657 1546 726 jam
1562 655 1634 711 velle
1649 655 1767 727 negasti,

965 745 1047 800 Dives
1055 745 1386 816 opum,cninullapatrum
1393 744 1767 812 hoedoeumenmdederunx,

967 833 1021 889 Sed
1035 842 1225 906 paupertatem
1244 833 1321 904 cujus
1335 851 1398 906 pars
1415 834 1539 890 Christus
1554 832 1685 889 habetur.

968 922 997 978 Si
1008 923 1103 978 vendis
1119 923 1264 991 Christum,
1281 932 1391 978 maneat
1406 941 1465 995 quae
1480 939 1573 988 cerne,
1590 923 1730 996 gehenna.

968 1011 1083 1082 Liquisti
1098 1025 1242 1068 commune
1258 1012 1358 1068 bonum
1374 1011 1531 1084 furtumque
1546 1011 1640 1083 peculi

968 1100 1067 1174 Eligis,
1083 1101 1155 1156 baud
1169 1101 1262 1172 capies
1276 1101 1413 1157 communi
1428 1110 1500 1157 sorte
1515 1117 1660 1157 coronam.

968 1189 1008 1243 Tu
1017 1197 1118 1256 tamen,
1129 1188 1319 1261 Omnipotens,
1329 1190 1455 1261 proprios
1462 1206 1528 1263 rege
1540 1191 1639 1246 ductor
1648 1189 1771 1246 alumnos

969 1277 1017 1332 His
1032 1278 1098 1334 visis
1113 1278 1217 1334 celsum
1231 1279 1301 1335 curlo
1312 1289 1487 1351 arentemque
1502 1279 1688 1351 propinquum

969 1366 1122 1436 aspiciunt,
1139 1368 1203 1422 dum
1218 1369 1316 1424 ductor
1330 1368 1367 1424 ait
1385 1385 1391 1424 :
1407 1368 1458 1425 bac
1474 1385 1537 1425 arce
1553 1376 1665 1424 tenetur

969 1456 1083 1510 abbas⁸
1098 1465 1160 1513 ante
1174 1458 1270 1512 decem
1285 1473 1385 1529 corpus
1400 1457 1446 1528 qui
1462 1458 1578 1529 liquerat
1592 1473 1691 1513 anuos.

977 1553 1130 1612 <geniorum
1144 1545 1270 1602 incursus
1286 1554 1533 1618 tempestatumque
1547 1545 1658 1602 furores

928 1664 955 1725 B
977 1633 1043 1701 <im
1057 1633 1071 1669 b
1085 1635 1184 1707 pluviae
1198 1635 1368 1707 multumque
1379 1635 1527 1692 discrimen
1542 1635 1648 1692 ibidem

977 1722 1072 1782 abluit
1087 1724 1195 1782 incauto
1209 1724 1341 1796 quidquid
1356 1724 1512 1798 neglexerat
1527 1732 1598 1779 actu.

976 1820 1071 1870 raetus
1086 1820 1115 1867 ut
1129 1813 1223 1868 aeterni
1237 1814 1353 1869 ducatur
1368 1813 1451 1886 Regis
1466 1813 1494 1867 in
1508 1813 1613 1882 aulam,

977 1901 1151 1973 t:eliciasque
1166 1917 1261 1957 sacras
1277 1911 1430 1958 sanctorum
1444 1902 1518 1958 sedis
1533 1903 1560 1957 in
1575 1918 1667 1957 aevum

976 1989 1116 2057 0btineat,
1134 2007 1269 2063 poenaque
1283 2008 1379 2047 carens
1392 1991 1437 2045 ubi
1451 1991 1507 2046 vita
1523 2000 1663 2063 sequatur.

976 2079 1102 2150 angelus
1117 2080 1175 2135 liaec
1192 2080 1290 2135 addit:
1307 2079 1422 2150 Quidam
1436 2080 1509 2153 quod
1524 2080 1629 2151 praesul
1645 2080 1769 2137 eumdem

976 2169 1098 2225 ceberet
1108 2168 1236 2240 precibus
1251 2168 1384 2240 lactisque
1396 2169 1491 2238 jurare
1502 2168 1643 2241 benignis,

976 2266 1049 2317 >nte
1064 2258 1124 2312 dies
1139 2256 1247 2326 multos,
1264 2273 1314 2313 ceu
1330 2258 1545 2314 demandaverat
1560 2258 1626 2329 ipsi,

977 2353 1085 2418 regate
1094 2355 1229 2415 ostensus,
1247 2362 1328 2418 quem
1340 2354 1403 2402 tunc
1419 2363 1469 2418 per
1479 2347 1588 2403 somnia
1603 2347 1680 2405 lerre

976 2442 1106 2494 :ortatur
1121 2434 1173 2489 sibi
1187 2435 1259 2491 dicta
1273 2435 1344 2490 Patri
1359 2453 1366 2489 :
1383 2436 1430 2491 scd
1446 2437 1594 2508 episcopus
1608 2445 1620 2471 ⁰
1634 2436 1684 2493 ille

976 2533 1049 2578 mssa
1060 2531 1135 2579 ratus
1150 2523 1221 2579 soliti
1236 2524 1378 2579 mendacia
1393 2524 1483 2579 inania
1498 2525 1599 2594 somni,

976 2612 1114 2667 eudendo
1129 2613 1243 2684 excepit,
1259 2613 1390 2684 despecto
1406 2612 1495 2668 fratris
1511 2629 1617 2670 amore.

976 2708 1066 2762 {ente
1075 2701 1164 2774 piger,
1180 2717 1231 2757 nec
1245 2702 1327 2757 corde
1342 2718 1436 2774 sagax,
1454 2719 1614 2759 succurrere
1629 2704 1732 2770 tardus,

975 2789 1013 2847 <i
1027 2798 1222 2846 tormentorum
1232 2790 1287 2859 jam
1304 2807 1377 2848 nunc
1388 2791 1539 2847 succumbit
1554 2808 1660 2861 amare,

975 2878 1153 2952 mortiturque
1168 2895 1230 2934 suas
1244 2880 1353 2952 proprio
1366 2897 1417 2952 pro
1432 2880 1545 2937 crimine
1559 2897 1671 2953 poenas.

968 2968 1009 3024 td
1024 2984 1105 3041 quem
1120 2969 1204 3024 irater
1221 2986 1227 3022 :
1244 2968 1296 3024 Ubi
1317 2986 1399 3041 quem
1422 2969 1490 3026 dicis
1511 2971 1660 3040 clauditur,
1684 2971 1765 3045 inquit

966 3056 1075 3113 Dixerat
1091 3074 1097 3111 :
1115 3057 1155 3112 lix
1169 3056 1223 3113 aba
1237 3057 1337 3113 montis
1352 3058 1424 3114 male
1438 3067 1517 3130 parte
1528 3068 1648 3116 tenetur.

966 3149 1001 3201 m
1014 3161 1065 3201 nos
1081 3162 1142 3217 quaa
1157 3147 1251 3217 paucis
1267 3146 1391 3202 dedimus
1403 3148 1459 3217 jam
1472 3149 1580 3203 somnia
1594 3150 1699 3218 verbis,

965 3235 1148 3290 Monstramus
1161 3250 1213 3306 per
1226 3235 1312 3290 verba
1323 3235 1385 3301 viri,
1403 3237 1451 3308 qui
1465 3237 1525 3295 haec
1540 3237 1600 3309 ipse
1616 3237 1729 3295 ridebit.

966 3322 1059 3389 Orsus,
1071 3324 1116 3388 ait,
1133 3323 1250 3379 dormire
1265 3341 1326 3380 casa
1341 3325 1481 3397 squalente
1496 3326 1626 3382 videbam

965 3412 1103 3484 Disposito
1118 3413 1223 3468 sedisse
1237 3412 1309 3480 loco,
1325 3429 1406 3486 quem
1421 3413 1540 3470 diximus
1554 3423 1621 3472 ante

965 3500 1106 3571 abbatem,
1123 3516 1256 3574 surasque
1271 3509 1297 3558 ct
1312 3517 1393 3558 crura
1403 3517 1501 3559 cruore
1516 3504 1644 3572 fluentes,

964 3588 1074 3644 Labitur
1088 3589 1116 3644 in
1129 3606 1226 3647 vocem
1242 3609 1249 3646 ε
1267 3591 1326 3657 Fili,
1342 3591 1384 3647 ler
1399 3591 1606 3665 dictapatrono,

962 3677 1087 3748 Respicis
1102 3679 1172 3735 hanc
1186 3680 1284 3748 aedem,
1297 3680 1354 3735 bini
1369 3681 1487 3737 coluisse
1500 3682 1632 3752 jubemur

964 3764 1111 3823 lniormem
1127 3768 1205 3835 socii,
1222 3768 1276 3823 duo
1292 3785 1410 3840 namque
1424 3769 1519 3826 lavare
1530 3780 1660 3828 suescunt

964 3855 1012 3910 llis
1027 3856 1140 3912 comites
1154 3872 1215 3912 sese
1229 3865 1325 3912 nantes
1339 3857 1368 3911 in
1382 3858 1491 3931 gurgite
1501 3859 1628 3926 thermis,

963 3943 1192 4018 Resperguntque
1208 3945 1318 4000 domum
1330 3947 1400 4002 banc
1414 3946 1520 4002 lethalis
1530 3948 1617 4018 pestis
1632 3949 1723 4017 odore,

963 4033 997 4089 Ut
1011 4033 1106 4088 miseri
1121 4033 1200 4088 istius
1214 4034 1350 4106 pellantur
1364 4035 1399 4089 ab
1413 4036 1472 4092 aede
1487 4037 1591 4093 coloni.

963 4122 1004 4177 ld
1019 4121 1080 4178 loca
1095 4130 1262 4190 sanctorum,
1278 4130 1350 4195 pete,
1367 4123 1454 4179 mittat
1468 4132 1497 4180 ut
1512 4125 1557 4181 ille
1574 4125 1699 4184 virorum

962 4211 1122 4282 Deposcens
1137 4211 1210 4283 quod
1224 4212 1310 4285 gratis
1323 4221 1408 4284 agunt
1423 4213 1520 4269 solatia
1532 4212 1617 4283 ferre,

962 4299 1119 4371 deprimere
1134 4307 1163 4355 ut
1176 4300 1263 4372 possit
1273 4301 1364 4372 paries
1379 4301 1426 4357 ubi
1440 4302 1531 4357 nullus
1550 4303 1669 4361 babetur

924 4383 1130 4453 Dlmmensum
1144 4397 1238 4454 latoris
1253 4413 1332 4466 onus,
1349 4399 1506 4472 relevetque
1521 4399 1645 4459 dolores.

962 4495 1037 4565 llaec,
1054 4496 1178 4566 minate,
1195 4512 1302 4568 precor,
1316 4514 1370 4555 non
1381 4498 1552 4555 oblivisceris
1565 4501 1626 4557 baec
1641 4508 1681 4557 tu.

891 4669 894 4678 Ι
961 4593 1027 4650 Post
1041 4594 1100 4650 baec
1114 4594 1236 4660 antistes,
1254 4595 1318 4651 dum
1334 4604 1431 4653 cuncta
1446 4612 1480 4652 ex
1493 4612 1540 4652 ore
1554 4596 1672 4654 ferentis

962 4692 1054 4747 Audiit
1070 4707 1077 4748 τ
1093 4693 1168 4760 llaec,
1184 4692 1280 4764 inquit,
1294 4695 1485 4765 phantasmata
1500 4695 1587 4751 credo
1601 4694 1698 4760 luisse,

962 4789 1120 4863 ldcircoque
1135 4789 1216 4846 fldem
1232 4791 1325 4848 verbis
1340 4807 1395 4847 non
1411 4792 1558 4848 commodo
1574 4791 1657 4850 lictis.

962 4879 1079 4935 Credere
1093 4896 1154 4951 quaa
1170 4880 1268 4950 renuit,
1286 4882 1344 4936 haec
1356 4881 1471 4955 angelus
1484 4882 1536 4937 iste
1550 4883 1687 4955 resignat,

961 4976 1068 5049 Quippe
1083 4978 1156 5049 quod
1172 4977 1326 5034 admonitus
1342 4979 1439 5036 functis
1454 4981 1613 5039 incredidus
1623 4990 1726 5049 extans,

961 5074 1098 5130 Auxilium
1115 5075 1237 5133 conterre
1252 5077 1343 5149 precis
1354 5076 1473 5134 tardaret
1486 5081 1596 5152 egenti3

960 5175 1048 5246 Atque
1062 5172 1125 5230 ideo
1139 5170 1262 5246 propriis
1277 5173 1372 5232 fruitur
1381 5175 1441 5233 sine
1453 5190 1567 5234 munere
1582 5179 1685 5251 poenis.

986 5371 1250 5428 aversuscorruptus.

985 5441 1048 5489 tllic
1060 5441 1193 5500 episcopus
1205 5443 1252 5490 luit
1263 5442 1433 5499 adalhelmus,
1447 5445 1475 5490 ut
1487 5443 1558 5499 patet
1568 5451 1600 5492 cx
1613 5440 1759 5493 acrostichis

959 5513 1118 5630 qbeorersu
1134 5514 1258 5576 :abactas
1273 5514 1326 5563 bec
1343 5513 1424 5564 addit.
1444 5514 1522 5565 sedes
1544 5515 1601 5573 ejus
1621 5517 1758 5574 tgnoratnr.

983 5595 1021 5630 aa.
