3772 6112
127 295 196 350 iiiii

274 419 316 475 dd
331 432 424 475 aeram
437 417 559 474 retrahas
579 414 663 481 viam,

274 507 376 582 Nigros
392 505 477 562 tendit
490 504 526 561 ad
540 502 653 569 interos,

261 591 308 650 'Et
321 603 349 650 tu
362 601 494 666 perpetuo
514 592 612 665 gemis.

308 682 332 737 0
347 680 394 754 qui
408 696 521 737 munero
534 679 657 753 perditas

273 769 379 827 Sauasti
392 767 465 827 uitiis
479 777 524 826 tuo

272 861 379 926 Terras,
391 874 441 931 per
455 857 579 932 genitum
594 865 679 921 tuum,

273 949 328 1005 Fac
342 964 377 1004 ne
391 946 523 1004 daemonis
536 946 651 1003 barrida

273 1037 321 1093 llis
334 1044 441 1092 mentes
455 1036 507 1092 sibi
519 1035 648 1103 vindicet,

272 1122 346 1193 Quas
367 1123 531 1197 baptismate
545 1123 664 1180 laveras.

307 1265 343 1304 an
362 1264 514 1306 scrutaturi
534 1262 700 1306 contabuit.

130 1355 243 1411 Strabus
258 1355 293 1411 ab
307 1355 415 1412 interno
429 1356 478 1411 tibi
496 1355 577 1411 mittit
590 1368 683 1411 amors
696 1354 822 1421 salutem,

20 1474 28 1486 ι
130 1444 160 1499 ln
174 1442 291 1500 Domino
306 1453 335 1499 ut
348 1444 452 1510 valeas,
467 1444 564 1500 doctor
588 1443 715 1510 amande,
730 1449 786 1498 ttto.

129 1531 173 1587 Sis
187 1548 293 1588 memor
308 1541 334 1589 ct
349 1532 439 1589 Strabi
465 1531 621 1588 rescribens
636 1538 732 1587 mutua
746 1529 824 1602 pacis

54 1622 59 1626 ”
129 1619 251 1688 Munera,
266 1620 290 1675 si
304 1620 377 1677 dicta
390 1621 485 1677 vixero
498 1618 579 1692 plura
598 1620 680 1675 dabo.

129 1708 246 1764 Portitor
258 1709 401 1779 accelerat,
418 1723 516 1765 sensus
529 1709 558 1764 in
581 1714 693 1780 pectora
706 1705 821 1764 tardant.

131 1797 234 1853 Sensus
248 1797 272 1852 si
287 1797 385 1853 melior
406 1797 522 1864 tenerit,
547 1796 630 1852 instat
641 1809 720 1854 amor

270 1924 308 1965 ab
322 1924 469 1967 atrastttttt
488 1924 642 1966 ttoltltbtt'tt
657 1924 824 1967 stantunus.

129 2014 242 2073 Strabus
256 2030 337 2088 opem
351 2017 460 2072 Domini
475 2018 562 2074 veteri
576 2022 649 2090 optat
665 2017 764 2075 adesse
779 2016 887 2090 sagitta
905 2036 912 2085 ;

164 2105 225 2177 Ipsa
239 2105 320 2160 nimis
336 2104 424 2163 valeat
438 2105 551 2162 strabus
565 2113 594 2162 ut
609 2100 668 2179 ipse
683 2114 770 2181 rogat.

129 2192 233 2268 Plaugo
248 2201 320 2259 tuos,
337 2193 424 2250 fateor
444 2192 541 2263 fautor,
557 2193 656 2252 dilecta
670 2211 806 2263 recessus,

163 2281 272 2354 Oraque
285 2281 428 2356 largifluis,
453 2282 538 2356 irrigo
562 2299 635 2341 nunc
650 2283 788 2356 lacrymis.

127 2369 194 2426 Sum
209 2385 316 2427 mernor
330 2370 434 2439 auxilii,
449 2369 516 2427 mibi
532 2370 605 2443 quod
620 2369 875 2438 conlarresolebas,

161 2459 196 2515 Et
211 2475 310 2515 munus
325 2458 418 2516 recolo
439 2459 516 2532 pacis
528 2458 631 2516 amoris
654 2474 734 2531 opus.

126 2545 229 2603 Oscula
239 2546 384 2604 dulcisono
400 2547 483 2603 libate
496 2563 640 2619 precamur
655 2547 690 2602 ab
705 2561 753 2604 ora

160 2633 297 2690 litterulis
311 2651 365 2708 eqo
387 2652 455 2709 quas
478 2634 576 2707 pollice
592 2642 619 2690 et
633 2650 681 2692 ore
696 2634 769 2692 dedi.

60 2765 65 2771 .
125 2723 185 2778 lam
199 2737 297 2780 secura
311 2732 356 2779 tua
371 2721 494 2782 residere
508 2723 610 2798 sagitta
619 2723 756 2796 pharetra.

160 2811 298 2876 Ceruaria,
315 2819 342 2866 et
356 2811 472 2885 placidis
492 2811 602 2884 pascier
618 2827 683 2869 ease
698 2812 788 2869 bonis.

123 2897 182 2955 Neo
196 2899 232 2955 de
246 2908 336 2955 mente
351 2899 441 2969 cadat,
458 2899 542 2956 lucris
558 2899 629 2973 quis,
651 2900 766 2973 quisque
782 2900 864 2957 inodo
879 2901 929 2954 sis·

159 2986 280 3044 l‘erlecta
293 2987 322 3043 in
338 2996 410 3045 recto
426 2996 488 3044 sunt
512 2988 675 3045 documenta
691 3002 785 3059 opere.

124 3075 336 3132 llarouvardum
346 3077 468 3133 Cotanen
476 3074 590 3148 dignum
600 3090 698 3146 precor
706 3073 798 3130 omnia
813 3076 928 3132 bertam

156 3163 237 3219 Dona
251 3163 346 3218 salutis
361 3179 414 3234 ego
429 3162 543 3218 Strabua
572 3162 677 3219 babere
692 3162 749 3221 dt'u.

123 3253 184 3307 lam
200 3249 309 3305 valeant
324 3250 415 3307 cuncti
429 3248 538 3317 iratres,
561 3249 652 3306 valeat
666 3251 753 3307 bonus
768 3251 854 3317 Abba,

158 3335 289 3393 Servulus
303 3338 355 3393 boc
366 3343 467 3406 vester,
484 3353 532 3394 oro
556 3337 672 3409 pusillus
687 3338 769 3395 enim.

29 3482 36 3488 ,
122 3423 162 3482 'l'u
177 3440 282 3481 memor
296 3432 355 3482 esto
369 3426 423 3482 mei
449 3425 551 3484 sanctis
564 3427 738 3483 sermonibus
752 3427 858 3502 Altger.

158 3514 273 3569 Strabus
286 3515 386 3587 ubique
402 3514 439 3570 tui
454 3523 497 3571 est
510 3529 617 3574 memor
631 3516 659 3572 in
674 3516 800 3574 bouum.

166 3655 196 3694 ta
211 3654 337 3696 raasoxa
352 3655 494 3697 curuans!
507 3655 634 3697 nautam
648 3655 684 3698 ao
698 3654 826 3698 tanam
840 3658 923 3699 sunu.

121 3763 235 3836 Suscipe
250 3765 400 3822 clementer
413 3779 528 3838 paucos,
543 3773 621 3840 pater
634 3763 752 3839 optime,
769 3782 874 3834 versus,

156 3851 271 3924 Suscipe
285 3862 348 3909 vota
361 3870 485 3925 percum,
509 3853 638 3927 conspice
653 3860 780 3911 maestum
793 3855 922 3912 animum.

119 3937 173 4008 Qui
182 3940 258 4013 geris
274 3955 339 3997 ecce
353 3941 441 3997 uicem
465 3940 564 3998 Christi
575 3940 675 4014 pietate
697 3943 839 4016 magistra,

154 4028 192 4083 Ta
206 4028 290 4084 credo
305 4045 368 4085 essa
386 4029 461 4101 pium
484 4029 519 4086 de
534 4031 634 4102 pietate
649 4030 709 4088 Dei.

116 4115 263 4187 Nunquam
276 4132 323 4172 ma
338 4117 435 4172 similis
451 4117 556 4189 stravit,
581 4117 722 4192 tetigitque
736 4121 866 4192 procella,

153 4204 236 4272 Cujus
250 4204 285 4258 atl
299 4204 440 4260 incursum
455 4214 508 4261 tam
524 4205 578 4263 cito
588 4206 742 4264 deficerem.

117 4292 205 4361 Quam
217 4307 262 4347 me
278 4300 369 4348 vestra
384 4293 472 4364 quatit
494 4292 565 4350 fictis
579 4293 699 4366 suspicio
713 4295 805 4364 rebus,

151 4380 213 4451 Qua
227 4381 350 4437 miserat
364 4380 457 4446 timeo,
473 4396 525 4457 nec
541 4381 605 4455 iuga
625 4383 717 4439 nantis
731 4383 793 4439 crit.

116 4468 145 4524 Si
159 4475 250 4524 umen
264 4468 298 4523 ad
308 4475 419 4524 ventum
434 4469 555 4525 licuisset
573 4469 681 4526 ileotere
696 4486 811 4529 remum.

152 4556 254 4612 Securo
267 4556 416 4612 eximerem
429 4563 541 4628 pectore
555 4573 600 4614 me
614 4557 722 4632 pelago.

115 4643 199 4717 ldque
212 4659 282 4718 rogo
296 4661 402 4700 summa
416 4644 541 4720 rogitans
564 4661 614 4719 per
628 4647 740 4703 numina
754 4648 855 4704 summi

148 4733 209 4789 Jam
224 4749 267 4788 me
282 4733 417 4800 mundari,
440 4732 483 4790 vel
500 4743 594 4807 patere
610 4750 672 4791 esse
686 4751 773 4793 reum.

114 4820 205 4876 llitius
221 4822 319 4893 expelli
336 4820 433 4878 terram
447 4821 481 4877 de
496 4827 568 4878 sorte
585 4838 719 4889 meorum,

149 4910 219 4963 lram
233 4926 316 4982 quarn
329 4919 451 4967 vestram
467 4911 518 4968 hoc
536 4911 669 4967 meruisse
685 4912 778 4968 modo.

114 4995 156 5052 Da
171 4997 275 5052 veniam
291 4998 381 5066 dictis,
398 4997 478 5059 solito
502 4998 654 5074 potioribus
669 4999 738 5066 istis,

150 5083 222 5138 Ecce
237 5101 350 5142 necesse
366 5086 433 5143 mihi
447 5089 496 5157 sic,
523 5095 601 5161 pater
616 5087 696 5156 dine,
714 5086 772 5143 tuit.

184 5231 379 5272 Gomscabctto
404 5237 550 5288 nonnulla,
566 5237 615 5285 QUI
629 5236 664 5276 ΕΤ
679 5234 859 5278 rotundatos,

113 5323 198 5379 Velox
210 5322 332 5394 Calliope
342 5324 414 5379 viam
429 5326 580 5399 frequenta,

112 5412 173 5482 Qua
192 5412 342 5484 fulgentius
357 5450 370 5477 a
383 5414 536 5483 invenitur,
554 5417 630 5472 illum

413 291 614 349 Walatttlbt
634 287 874 346 saltantium.
894 283 1188 343 dertosanus
1208 287 1253 340 lll.
1274 315 1309 327 -
1327 280 1494 342 cannuba.

940 412 969 474 Α
982 410 1046 467 Post
1061 411 1194 468 cunabula
1208 410 1318 484 longuis
1332 419 1470 468 meantem

1711 288 1776 343 tttt

983 499 1120 570 Quaesisti,
1136 499 1246 556 dubiam
1260 507 1355 557 secuta
1368 499 1479 568 lautam,

983 588 1119 645 interdum
1133 605 1203 661 vaga
1216 595 1371 660 perstrepat
1383 587 1462 644 illum

881 683 898 695 ·
981 677 1103 732 llomana
1116 677 1234 750 positum
1246 675 1340 733 serens
1360 677 1389 732 in
1402 677 1478 743 urbe,

982 766 1086 821 Davoto
1101 773 1194 824 extera
1208 765 1332 838 cogitare
1346 763 1442 833 corde,

983 853 1076 909 Gratis
1090 852 1195 910 exsiliis
1207 853 1284 911 adire
1292 869 1366 910 rura.

981 941 1102 998 l'andem
1117 957 1209 1014 quare
1224 956 1275 998 suo
1288 941 1351 999 loeo
1365 941 1517 1010 roduam,

981 1031 1016 1087 lit
1030 1031 1074 1087 dic
1088 1046 1199 1103 semper
1212 1045 1273 1098 atre,
1295 1032 1413 1104 valeque
1425 1031 1552 1100 multum,

982 1119 1030 1176 Cui
1046 1120 1180 1194 quondam
1198 1119 1317 1176 dederas
1332 1121 1436 1179 bonore
1451 1137 1553 1178 noman

981 1209 1097 1264 linctum
1110 1207 1205 1281 dirigit
1218 1208 1264 1265 bic
1274 1208 1324 1264 tibi
1333 1209 1460 1266 salutern.

981 1350 1077 1407 Dulcia
1091 1365 1153 1407 cum
1168 1359 1274 1406 nostros
1290 1350 1377 1407 sancti
1390 1349 1490 1407 naulis
1513 1367 1625 1409 amores

980 1441 1039 1494 lam
1053 1438 1164 1511 propius
1177 1439 1268 1496 tractis
1290 1440 1457 1512 complerent
1471 1438 1574 1515 gandia
1588 1442 1660 1497 rotis

981 1527 1078 1583 Addita
1093 1534 1155 1582 suut
1168 1526 1229 1582 lasti
1243 1527 1375 1602 fulgentia
1393 1529 1464 1585 dona
1479 1528 1605 1597 secundi,

980 1614 1061 1685 Quod
1071 1623 1117 1671 tus
1130 1616 1271 1688 suspensis
1290 1618 1407 1690 ingessit
1420 1617 1536 1690 epistola
1549 1618 1640 1683 nobis,

981 1705 1015 1760 Ut
1028 1705 1137 1776 requies
1152 1704 1236 1772 lasso,
1252 1704 1352 1761 sitienti
1366 1713 1395 1761 ut
1408 1707 1498 1763 dulcis
1510 1720 1592 1779 aqum
1604 1705 1677 1762 iona.

946 1763 1036 1849 BLac
1053 1800 1204 1849 maternum
1228 1795 1320 1865 agnis,
1340 1794 1432 1867 pluvia
1444 1802 1474 1850 ut
1487 1795 1677 1868 squalentibus
1689 1796 1770 1858 navist

986 1883 1105 1938 carcere
1120 1883 1276 1939 conductis
1289 1890 1319 1939 nt
1331 1883 1402 1940 lucis
1415 1899 1486 1940 vena
1508 1885 1615 1943 durae
1631 1903 1638 1940 ι

982 1971 1028 2027 Sic
1041 1978 1134 2043 optata
1146 1971 1280 2042 palatinas
1293 1971 1360 2027 mihi
1373 1981 1461 2030 matra
1469 1981 1561 2046 tuapte

982 2059 1086 2132 Scripta
1099 2075 1194 2127 mauu,
1208 2061 1323 2117 nebulas
1335 2075 1402 2118 varo
1416 2061 1550 2134 pepulere
1569 2061 1675 2130 nitore;

982 2148 1036 2204 Sed
1051 2148 1116 2221 quia
1129 2148 1239 2205 lucilluo
1253 2149 1402 2206 succedunt
1415 2165 1489 2224 saepe
1505 2166 1606 2208 sereno

980 2235 1089 2306 Nubila,
1105 2252 1160 2292 non
1173 2237 1252 2293 aliter
1272 2238 1378 2293 turbant
1398 2254 1458 2296 mea
1473 2237 1576 2313 gaudia
1591 2238 1701 2310 chauri,

981 2325 1052 2380 Dum
1067 2332 1111 2380 tua
1126 2323 1228 2398 scripta
1247 2334 1353 2392 sonant,
1369 2325 1440 2383 bone
1454 2343 1498 2384 me
1513 2335 1540 2383 te
1555 2343 1640 2399 posse
1652 2343 1742 2386 catera

981 2412 1023 2467 dd
1038 2411 1134 2469 taciem
1151 2421 1292 2487 quantum,
1314 2430 1377 2470 cnm
1391 2415 1426 2472 sit
1440 2414 1507 2472 mibi
1521 2417 1601 2472 testis
1613 2417 1643 2472 in
1657 2415 1710 2472 imo

980 2502 1106 2572 Pectore,
1122 2517 1185 2573 spes
1200 2501 1301 2560 ardens
1313 2516 1330 2559 a
1345 2512 1371 2559 te
1386 2520 1429 2560 me
1436 2503 1558 2577 plurima
1570 2503 1641 2575 reik

982 2589 1101 2655 Lucrati,
1117 2589 1242 2664 lucisque
1250 2599 1302 2649 tum
1315 2590 1454 2648 consortia
1469 2591 1548 2650 ferre.

980 2678 1018 2732 Te
1033 2692 1140 2751 quoquc
1155 2677 1189 2734 sit
1202 2687 1308 2736 certum
1321 2679 1411 2736 multis
1431 2681 1604 2752 testantibus,
1621 2690 1647 2738 et
1658 2699 1701 2739 me

981 2767 1069 2838 Atque
1083 2765 1151 2821 alios
1166 2766 1354 2838 exemplorum
1374 2767 1506 2842 verbique
1528 2768 1641 2827 lucerna

981 2855 1129 2920 Instruere,
1144 2860 1170 2910 et
1191 2855 1293 2926 sapidis
1313 2855 1457 2913 infundere
1470 2853 1554 2930 poss!
1569 2858 1671 2915 salivis.

980 2942 1030 2996 Est
1044 2941 1117 2997 aliud
1132 2943 1236 3008 maiore
1246 2944 1312 2999 milti
1327 2959 1446 3001 moerore
1459 2948 1637 3019 gemendum,

981 3027 1060 3098 Quod
1074 3046 1137 3086 cum
1151 3032 1203 3087 vita
1216 3031 1265 3087 tibi
1280 3032 1370 3104 potior
1383 3034 1419 3089 sit
1433 3034 1496 3108 lege
1521 3037 1639 3109 Lycurgi

942 3115 1058 3182 GSolus
1070 3119 1098 3173 in
1119 3128 1233 3191 accepto
1252 3122 1368 3178 recubas
1382 3138 1437 3179 non
1459 3124 1593 3197 prodigus
1606 3139 1673 3182 auro

977 3207 1213 3279 commissumque
1226 3216 1353 3280 premant
1366 3210 1474 3266 sudaria
1488 3226 1559 3267 nexa
1572 3213 1711 3283 talantum,

977 3298 1010 3351 At
1024 3296 1111 3366 quiin
1125 3297 1256 3368 pauperie
1277 3313 1357 3370 passa
1378 3306 1420 3355 ast
1433 3314 1515 3372 qaam
1528 3310 1623 3357 nostra
1633 3302 1715 3372 juven

976 3383 1037 3439 Non
1052 3383 1133 3438 talem
1148 3392 1173 3440 te
1188 3386 1270 3442 chare
1284 3387 1378 3454 habui,
1393 3388 1484 3445 minus
1493 3405 1564 3462 aque
1573 3390 1722 3463 benignum

975 3471 1109 3542 Expertus
1122 3488 1177 3529 non
1192 3490 1262 3542 sum,
1278 3473 1367 3533 luerat
1381 3492 1463 3551 quam
1482 3493 1547 3535 cura
1559 3486 1697 3552 petentum

976 3559 1029 3615 Cur
1044 3560 1125 3618 modo
1147 3561 1248 3620 diutius
1260 3564 1376 3621 mordax
1398 3573 1513 3623 testetur
1528 3566 1556 3623 iu
1572 3567 1673 3641 amplis

975 3649 1056 3705 Fama
1070 3659 1144 3706 tuam
1158 3649 1245 3707 miror
1267 3652 1358 3710 celare
1379 3653 1488 3726 peculia
1502 3654 1637 3724 dextram,

974 3736 1041 3806 Quae
1056 3747 1133 3810 pater
1147 3739 1238 3796 usuris
1252 3740 1375 3797 clemens
1389 3741 1517 3817 augenda
1531 3743 1654 3818 reliquit,

974 3824 1020 3880 Sol
1035 3826 1129 3882 radios
1143 3843 1195 3885 uec
1209 3827 1274 3884 luna
1289 3844 1355 3886 suos
1379 3846 1451 3888 saco
1464 3831 1568 3890 invidet
1582 3831 1655 3892 orbi.

973 3913 1065 3969 lmber
1079 3915 1107 3970 itt
1122 3930 1188 3971 arva
1202 3916 1275 3973 eadit
1289 3919 1421 3988 subjecta,
1438 3918 1581 3994 lluuntque
1596 3920 1718 3980 volentes

972 4001 1049 4058 lloro
1064 4019 1114 4058 suo
1127 4001 1211 4072 fluvii,
1227 4014 1334 4076 partum
1350 4007 1430 4063 trabit
1443 4023 1510 4065 aera
1525 4009 1655 4078 mundus,

973 4090 1105 4145 Gramina
1120 4089 1172 4148 lert
1186 4091 1277 4160 tellus,
1294 4092 1365 4151 loliis
1380 4103 1406 4152 ct
1430 4095 1563 4154 fructibus
1580 4097 1664 4156 arbor

972 4179 1073 4248 Sponte
1088 4180 1242 4247 revestitur,
1257 4179 1300 4238 lac
1314 4190 1406 4239 manat
1420 4184 1454 4239 ab
1470 4185 1555 4242 ubere
1571 4196 1701 4255 matrum,

972 4268 1033 4338 lpse
1048 4268 1122 4322 Deus
1136 4268 1195 4324 sine
1211 4268 1258 4325 dat
1272 4272 1376 4328 cunctis
1389 4270 1550 4331 dscrimtne
1564 4273 1668 4343 lucani,

970 4350 1005 4410 br
1017 4355 1133 4426 pluvias,
1149 4356 1296 4431 operisque
1311 4360 1353 4414 sui
1364 4360 1442 4429 jubet
1455 4361 1495 4418 ire
1510 4379 1658 4436 scquaces.

971 4441 1039 4511 Quis
1052 4441 1118 4499 mihi
1139 4447 1273 4517 persuasit
1294 4464 1373 4504 sacra
1387 4466 1501 4507 munera
1514 4453 1600 4509 corde
1616 4457 1707 4512 tenaci

971 4541 1129 4608 Obstruere,
1145 4543 1248 4599 auctori
1262 4544 1314 4601 nisi
1330 4548 1376 4619 qui
1389 4549 1526 4604 contraria
1541 4552 1651 4609 sentit?

970 4637 1042 4707 Quin
1057 4639 1148 4711 potius
1162 4640 1265 4697 monuit
1277 4640 1363 4699 sancti
1378 4644 1453 4716 quod
1469 4647 1572 4717 pagina
1585 4649 1675 4721 Pauli,

970 4736 1127 4805 Servcmus,
1142 4737 1212 4795 bona
1233 4755 1293 4813 quaa
1307 4738 1430 4809 subsunt,
1454 4758 1602 4814 operemur
1617 4747 1653 4802 ad
1666 4764 1767 4815 omnes,

969 4834 1023 4890 Sed
1036 4835 1126 4908 magis
1139 4834 1166 4890 in
1182 4839 1302 4904 sanctos,
1318 4854 1387 4909 quos
1402 4839 1454 4895 vita
1465 4839 1620 4898 domestica
1629 4847 1723 4902 nutrit

968 4932 1043 5002 Ergo
1057 4939 1135 5001 pater
1148 4930 1286 5007 fraterque
1300 4950 1369 4992 meae
1382 4952 1445 5009 pars
1458 4936 1538 4995 unica
1563 4943 1667 4998 mentis

967 5028 1108 5084 Noluerim
1121 5046 1182 5086 mea
1195 5031 1269 5088 dicta
1281 5040 1362 5105 putes
1374 5034 1499 5092 lacerare
1513 5037 1636 5095 volantia

966 5128 1021 5184 Scd
1034 5134 1078 5183 tua
1093 5128 1210 5186 nolentis
1224 5130 1339 5187 raticera
1356 5132 1489 5203 pericula,
1500 5132 1523 5188 si
1540 5135 1608 5207 qaid

965 5226 1042 5281 llens
1056 5227 1191 5292 manmit,
1205 5226 1360 5301 poteritque
1382 5227 1465 5285 tidem
1486 5246 1598 5289 serrare
1613 5233 1699 5302 fideli,

964 5322 1025 5375 Non
1039 5321 1088 5376 tibi
1102 5322 1162 5379 talis
1176 5339 1234 5392 aro,
1250 5325 1358 5397 qualem
1378 5328 1526 5384 meminere
1541 5328 1700 5404 Philippum
1736 5312 1740 5317 ¹

965 5417 1071 5474 Fraude
1085 5418 1113 5474 in
1126 5419 1251 5476 amicitia
1265 5435 1315 5495 per
1327 5422 1419 5494 prisca
1433 5424 1572 5482 volumina
1598 5424 1673 5499 fasti,

161 5589 299 5645 ·saquttur
310 5598 406 5636 moram
421 5586 489 5634 itlius
500 5589 593 5643 saculi,
606 5599 657 5646 quo
666 5592 769 5637 nomina
788 5601 877 5647 regum
888 5594 913 5640 et
962 5594 1109 5648 tescalcbns.
1125 5597 1233 5654 eoquod
1248 5608 1306 5646 cnm
1317 5598 1362 5646 illo
1371 5598 1403 5646 da
1414 5599 1478 5656 matt
1496 5602 1522 5646 ct
1535 5601 1761 5658 predestinationis

112 5657 225 5704 virorum
237 5659 369 5709 doctam
378 5658 551 5709 mutabantur.
561 5659 709 5714 lamentian
720 5662 853 5710 dicabatur
863 5665 911 5711 bo·
961 5648 1075 5703 smum·
1091 5651 1165 5695 ΒΜ·
