3772 6112
118 180 152 235 aa
366 176 827 234 wxnxrxmxsrmnxrunn
847 175 934 232 non.
955 173 1031 232 ore.
1052 175 1140 233 exus
1159 178 1180 231 1.
1200 130 1514 248 -rnnoxocrcx,
1721 157 1767 238 ‘aa

119 299 158 358 vit
173 317 181 354 :
196 298 299 356 etideo
313 300 388 373 quod
415 301 489 372 prius
517 300 606 356 timuit
632 300 780 370 humiliter,
797 301 914 357 devotus
928 300 1039 363 Azatos
1053 300 1088 356 de
1111 301 1213 356 mundo
1236 302 1320 371 exire,
1344 303 1372 358 in
1395 304 1486 375 quiete
1509 304 1568 360 Deo
1591 279 1767 364 vacarezsic

119 387 251 459 implevit.

155 477 241 532 Vnus.
257 479 301 532 16.
318 506 352 516 -
376 478 542 550 baptizatas
560 480 667 534 uatem.
694 475 818 531 Christus
831 492 916 548 aquas

119 564 247 636 baptismi
260 563 461 622 sanctificavit:
484 566 546 638 quia
560 566 638 635 cnjus
662 571 703 622 est
726 579 830 634 creare,
847 565 917 635 ejus·

101 652 186 719 ,dem
200 660 242 710 est
256 661 283 710 et
297 652 478 710 sanctificare.

155 741 231 798 Sicut
257 742 340 798 bomo
369 748 477 798 constat
499 741 616 810 duobus,
646 740 676 798 id
690 747 740 811 est,
757 756 874 813 corpore
889 748 916 798 et

118 829 218 899 anima,
234 829 270 884 ita
286 828 393 885 dnobus
408 829 579 886 renascitur:
596 846 666 901 aqua
676 845 736 902 qua
746 838 845 903 purgat
859 845 916 885 sor-

119 917 169 975 des
184 925 211 974 et
226 917 376 988 consepelit
390 918 498 973 Christo
511 936 517 972 :
530 925 556 973 et
570 917 634 991 igne
650 911 762 989 spiritus
777 933 832 990 quo
846 933 915 974 con-

119 1002 245 1078 flagranti
259 1004 293 1060 ad
309 1004 409 1062 coelum
422 1005 554 1081 rapimur.
572 1005 617 1061 Sic
631 1004 755 1062 Ecclesia
769 1012 831 1077 post
846 1006 914 1076 bap-

117 1090 228 1149 tismum
266 1093 375 1150 culmen
399 1093 530 1151 virtutum
554 1093 717 1165 quibusdam
739 1093 915 1149 incrementis

117 1182 228 1254 appetit,
244 1189 274 1237 ut
288 1182 413 1237 Christus
428 1180 578 1253 baptizatus
594 1182 628 1238 de
643 1197 712 1254 aqua
726 1182 857 1238 ascendit.
870 1181 915 1238 Sic

115 1277 179 1342 post
194 1270 358 1342 baptismum
376 1269 535 1340 ascendunt,
562 1269 608 1341 qui
632 1270 667 1325 ad
690 1270 804 1327 virtutes
827 1271 914 1341 proli-

116 1358 210 1416 ciunt:
227 1365 254 1415 et
268 1357 315 1430 qui
328 1357 404 1429 prius
419 1357 542 1415 carnales
557 1365 584 1414 et
598 1357 646 1413 filii
660 1358 735 1430 ada,
752 1357 820 1414 fiunt
834 1358 914 1431 spiri·

117 1447 205 1505 tuales
220 1453 247 1504 et
261 1445 309 1502 filii
323 1446 384 1502 Dei.

153 1536 254 1609 riperti
273 1540 351 1605 suet,
367 1540 421 1592 etc.
434 1535 468 1590 Et
482 1534 535 1592 hoc
545 1534 580 1590 ad
594 1534 780 1607 impletionem
791 1535 911 1606 justitiae.

117 1624 181 1682 Non
196 1624 269 1680 enim
291 1631 357 1680 tunc
380 1623 498 1695 primum
522 1623 574 1678 sibi
589 1632 701 1695 patuere
725 1624 846 1680 coelestia
870 1623 914 1680 vel
928 1654 995 1732 Β]11
995 1677 1048 1715 nan
1050 1661 1076 1716 di
1090 1661 1170 1717 nobis

117 1713 235 1784 Spiritus
250 1719 359 1768 sanctus
375 1719 416 1767 est
430 1712 508 1768 datus
526 1730 533 1767 ι
550 1711 599 1767 sed
614 1713 693 1769 nobis
707 1729 757 1784 per
771 1720 913 1784 acceptum

116 1801 282 1872 baptismum
304 1800 420 1856 aditum·
435 1800 498 1856 coeli
520 1808 622 1871 patere,
640 1808 667 1857 et
681 1801 812 1872 Spiritum
831 1817 913 1858 sanc-

116 1896 175 1946 tum
190 1889 249 1945 dari
262 1888 433 1946 monstravit.
460 1887 540 1959 Quod
564 1889 636 1945 enim
651 1889 713 1946 coeli
727 1890 822 1962 aperti,
840 1890 914 1962 quod

118 1978 236 2051 Spiritus
250 1986 360 2035 sanctus
375 1977 458 2048 venit,
490 1978 563 2049 quod
590 1994 643 2036 vox
670 1978 759 2034 Patris
782 1978 911 2049 insonuit,

121 2074 185 2136 etc,
202 2067 261 2145 bac
275 2067 390 2139 mystica
404 2066 497 2123 insunt
511 2066 601 2122 nobis.

150 2156 228 2212 Patet
241 2156 343 2212 renatis
357 2155 445 2212 aditus
472 2155 501 2210 in
516 2155 616 2213 eoelum
638 2170 689 2227 per
702 2154 849 2225 Christum,
867 2155 914 2228 qxri

113 2260 165 2320 per
178 2245 266 2302 naam
280 2245 389 2302 clausus
406 2244 467 2300 suit.

152 2352 232 2411 Sicut
250 2352 418 2409 columbam.
430 2352 533 2408 Verum
543 2365 643 2423 corpus
658 2349 805 2406 formatum
814 2349 850 2405 ad
860 2351 912 2406 ho-

116 2457 176 2499 ram
194 2440 290 2497 habuit
304 2441 333 2496 in
349 2441 440 2512 specie
455 2440 590 2497 columba
607 2459 614 2495 :
631 2439 695 2511 quia
708 2438 787 2495 aliter
802 2438 913 2511 spiritus

110 2530 152 2590 ab
164 2529 321 2587 bominibus
334 2529 422 2586 videri
436 2544 491 2584 non
514 2536 607 2601 posset
622 2529 691 2584 sicut
706 2527 841 2597 columba,
857 2543 914 2583 non

115 2618 178 2693 quia
192 2635 257 2677 vera
272 2618 398 2676 columba
413 2625 495 2687 esset,
513 2619 562 2673 sed
589 2617 651 2690 quia
679 2617 791 2688 spiritus
806 2616 833 2670 in
848 2631 913 2673 cor-

115 2708 204 2783 porali
218 2707 320 2779 specie,
336 2723 392 2763 non
406 2714 499 2762 tamen
512 2706 572 2777 ipse
587 2721 696 2776 corpus.
712 2706 754 2760 Ita
768 2705 802 2760 de
817 2705 869 2761 hac
878 2703 912 2759 lr-

965 386 1013 442 filii
1028 387 1114 444 lsrael
1128 396 1190 458 post
1204 390 1347 444 transitum
1356 392 1438 447 maris
1447 409 1498 463 per
1511 393 1652 448 desertum
1666 409 1766 450 ascen·

965 476 1042 546 dunt,
1059 484 1085 531 et
1099 492 1198 532 manna
1213 479 1357 534 comedunt
1371 480 1460 536 donec
1480 481 1589 536 veniant
1611 483 1647 538 ad
1661 491 1766 539 terram

965 564 1164 636 promissionis.
1189 567 1263 622 laec
1286 569 1365 624 lesas
1384 569 1486 624 ductas
1505 574 1557 638 est,
1578 576 1631 626 etc.
1657 570 1762 642 (lisa).

965 653 1015 708 llic
1030 660 1071 709 est
1086 653 1154 709 ordo
1173 662 1255 709 rectae
1284 656 1507 725 conversationis,
1532 664 1562 713 ut
1584 665 1647 728 post
1661 674 1765 731 accep·

965 748 1019 797 tam
1034 741 1151 812 Spiritus
1166 742 1252 798 sancti
1266 744 1382 815 gratiam
1397 752 1494 801 contra
1506 745 1647 801 diabolum
1661 748 1764 804 arctius

965 829 1165 902 accingamur:
1191 846 1222 886 ea
1244 830 1290 886 via
1312 832 1496 888 Samaritanus
1520 833 1671 905 descendit,
1699 836 1763 907 quia

965 931 1048 974 carne
1061 918 1172 974 indutus
1187 920 1299 975 easdem
1314 921 1475 977 tentationes
1490 922 1626 978 sustinuit.

1000 1025 1122 1097 Spiritui
1140 1026 1248 1094 Sancto,
1266 1026 1313 1097 qui
1327 1042 1397 1098 quos
1411 1027 1499 1099 replet
1513 1028 1547 1084 ad
1562 1045 1683 1102 pugnam
1696 1031 1764 1087 mit·

964 1111 995 1166 tit
1010 1110 1104 1168 fortes.
1130 1112 1195 1169 Sine
1217 1115 1270 1170 boc
1298 1114 1394 1185 spiritu
1418 1116 1465 1187 qui
1487 1117 1521 1172 ad
1544 1134 1664 1191 pugnarn
1678 1119 1762 1190 vadit,

964 1200 1019 1255 cito
1034 1200 1116 1256 cadit.
1136 1203 1168 1258 tJt
1191 1206 1353 1260 tentaretur
1367 1221 1386 1259 a
1409 1203 1527 1262 diabolo.
1556 1206 1619 1261 Non
1642 1214 1763 1263 tentatur

964 1289 1111 1360 adiabolo,
1138 1289 1190 1344 nisi
1214 1290 1276 1362 quia
1299 1292 1334 1347 ad
1358 1292 1498 1349 desertum
1520 1293 1626 1364 exierit,
1655 1295 1760 1365 idest,

965 1376 1037 1433 bono
1052 1378 1163 1434 studere
1174 1379 1297 1450 coeperit.

999 1484 1085 1539 ans.
1101 1487 1127 1542 a.
1144 1486 1307 1541 —Etcum
1334 1488 1504 1559 jejunasset.
1525 1489 1634 1561 (Bana).
1658 1489 1766 1561 Jejunat

963 1579 993 1627 nt
1007 1579 1134 1642 tentetur,
1151 1580 1269 1629 tenatur
1284 1575 1346 1646 quia
1366 1575 1478 1645 jejunat,
1504 1584 1530 1632 et
1544 1577 1709 1650 ‚exemplum
1721 1580 1763 1648 je·

1185 1662 1239 1731 dat,
1258 1670 1321 1733 etc,
1339 1680 1426 1737 usqae
1441 1667 1478 1721 od
1487 1672 1514 1720 et
1528 1666 1568 1722 sic
1583 1667 1703 1738 quandiu
1717 1666 1764 1725 hic

963 1766 1065 1820 snmus,
1083 1767 1192 1823 semper
1206 1759 1317 1822 peccata
1332 1754 1491 1823 ploremus:
1508 1754 1630 1826 quiahoc
1645 1770 1763 1815 nurnero

963 1855 1086 1910 praesens
1101 1839 1155 1895 vita
1170 1840 1333 1896 ostenditur.

998 1946 1089 2016 (Lao.)
1105 1946 1175 2000 Dum
1185 1963 1235 2017 per
1249 1945 1337 2002 varias
1352 1947 1472 2004 actiones
1487 1947 1548 2006 vitae
1557 1949 1639 2019 hujus
1655 1949 1762 2007 sollici-

962 2033 1028 2088 tudo
1051 2034 1223 2104 distenditur,
1254 2050 1368 2091 necesse
1396 2044 1438 2091 est
1468 2037 1503 2093 de
1526 2039 1664 2094 mundano
1697 2038 1762 2110 pul-

962 2137 1037 2190 vere,
1054 2129 1118 2191 eta,
1135 2139 1222 2196 aaqaw
1246 2123 1282 2178 ed
1300 2124 1371 2179 utin
1395 2124 1473 2194 cujus
1497 2142 1591 2181 sumus
1614 2142 1762 2184 resurrec-

964 2218 1038 2265 tione
1052 2211 1267 2281 conresuscitati,
1283 2211 1312 2267 in
1331 2212 1417 2284 ipsius
1440 2214 1610 2271 inveniamur
1633 2216 1763 2288 passione

963 2300 1137 2355 commortui.

998 2404 1098 2457 Postea
1112 2403 1222 2458 esuriit.
1244 2402 1302 2458 Hoc
1316 2410 1357 2458 est
1375 2419 1441 2460 vere
1456 2404 1649 2461 humanitatis:
1666 2413 1694 2463 et
1708 2423 1762 2479 per

962 2490 1016 2546 boc
1030 2497 1071 2545 est
1085 2490 1193 2547 occasio
1217 2491 1348 2547 tentandi.
1373 2491 1449 2549 Latet
1472 2501 1601 2565 potestas,
1627 2503 1701 2568 patet
1716 2496 1762 2552 in·

963 2578 1087 2634 llmrxitas.

997 2685 1082 2740 Vnus.
1100 2688 1126 2739 3.
1143 2715 1178 2724 -
1205 2687 1241 2742 Ei
1263 2687 1408 2743 accedens.
1430 2687 1499 2757 Quia
1523 2689 1629 2745 esuries
1655 2698 1697 2746 est
1721 2691 1761 2746 si-

116 2813 187 2872 gura
201 2796 317 2852 sentitur
331 2795 401 2852 sicut
415 2796 449 2851 de
464 2795 523 2849 aliis
533 2795 561 2849 in
571 2795 670 2866 quibus
679 2794 754 2849 Deus
768 2793 911 2865 apparuit:
962 2773 1268 2874 Snum'infismiffltffl
1278 2774 1607 2832 ⁵5⁰¹¹⁰b5⁵iss³b⁵fi¹¹⁰¹¹li³
1616 2793 1672 2833 ⁰0¹¹
1682 2779 1762 2835 ‘¹0⁰⁵‘

116 2900 178 2959 qna
191 2884 300 2956 expleto
315 2883 404 2940 officio
427 2882 645 2940 resolvebantur.
671 2884 744 2938 Bene
758 2882 870 2954 spiritus
884 2882 913 2937 in
961 2869 1082 2918 tentatio.
1099 2864 1152 2919 l‘er
1166 2863 1329 2919 exteriorem
1344 2864 1528 2920 infirmitatem
1551 2866 1689 2922 Christum
1704 2875 1763 2925 ten·

95 2994 99 3001 ·
115 2974 243 3033 columba
258 2989 319 3046 quae
334 2972 450 3045 simplex
464 2979 491 3028 et
513 2979 654 3028 mansueta
676 2970 827 3041 descendit,
843 2978 872 3026 ut
887 2979 913 3026 οι
964 2958 1002 3005 tat
1016 2951 1044 3005 in
1058 2968 1112 3023 quo
1127 2951 1229 3006 nullam
1245 2952 1657 3026 legempeccatiinveniebat.Si
1671 2958 1762 3014 Filius

116 3081 174 3121 Μ
188 3071 291 3120 natum,
306 3061 515 3134 simplicitatem,
537 3068 563 3116 ep
578 3077 639 3118 cum
654 3060 682 3116 in
697 3076 778 3132 quem
802 3060 914 3116 descen.
963 3042 1014 3096 Dei
1029 3057 1067 3097 es.
1088 3040 1168 3095 blind
1183 3041 1280 3096 horum
1296 3042 1461 3113 explorantis
1472 3050 1522 3110 est,
1535 3042 1609 3098 aliud
1619 3045 1759 3116 tentantis,

116 3153 209 3224 deba„
225 3152 321 3209 mitem
343 3150 539 3207 misericordia,
556 3165 712 3221 meconem
735 3149 915 3221 dapooemque
963 3129 1028 3184 dum
1043 3130 1130 3185 Deum
1145 3127 1268 3185 confiteri
1288 3130 1404 3198 videtur,
1432 3137 1458 3186 et
1472 3132 1627 3201 hujusmodi
1643 3132 1761 3190 illudere

114 3241 259 3298 indicaret.
277 3239 408 3297 Similiter
421 3255 517 3295 omncs
544 3238 679 3309 baptismo
701 3238 788 3293 renati
808 3245 913 3309 septem
962 3225 1086 3274 ⁰⁰¹¹fl¹1¹¹²
1104 3217 1148 3273 55⁰
1163 3217 1235 3273 Qnim
1250 3226 1335 3273 ¹⁰¹¹&st
1358 3225 1387 3272 ὓῑ
1402 3219 1525 3290 θΧΡῙΟΓθῑ
1549 3222 1622 3291 l¹1⁰d
1637 3230 1760 3279 leretur·

115 3330 261 3389 virtutibus
289 3329 317 3385 in
331 3328 457 3386 columba
485 3326 643 3401 significatis
671 3326 772 3382 debent
799 3326 910 3397 repleri.

114 3417 246 3475 Columba
261 3434 277 3473 a
291 3417 393 3472 malitia
408 3415 479 3472 fellis
495 3424 536 3472 est
550 3415 649 3484 aliena,
668 3415 696 3469 in
711 3430 765 3486 quo
780 3413 912 3484 prohibe-

17 3502 20 3507 ’
114 3506 279 3562 murabira.
295 3506 406 3561 Nullum
416 3521 465 3560 ore
475 3502 792 3576 velunguibuslaedit‚in
804 3517 912 3574 quono-

114 3603 187 3652 tatur
194 3594 360 3651 innocentia.
371 3595 430 3650 Nec
438 3592 564 3648 minimas
575 3592 694 3648 aviculas
704 3591 848 3657 invadit,in
857 3590 913 3662 qni·

113 3685 165 3741 bus
172 3684 232 3741 alite
241 3700 308 3741 aves
318 3700 349 3739 se
359 3690 386 3738 et
394 3682 484 3754 pullos
495 3697 559 3738 suos
568 3680 706 3736 nutriunt:
717 3680 744 3734 in
755 3697 809 3753 quo
819 3679 911 3751 probi·

111 3772 347 3844 hemurarapina.
365 3770 663 3843 Puropasciturgrano
673 3787 680 3824 z
690 3770 718 3823 in
732 3784 786 3840 quo
802 3774 912 3824 notatur

963 3305 1008 3362 Sic
1023 3305 1155 3377 explorat,
1173 3313 1202 3361 ut
1215 3307 1345 3362 tentando
1360 3307 1486 3378 decipiat.
1504 3309 1535 3365 Si
1553 3310 1642 3365 Filias
1652 3311 1704 3366 Dei
1719 3327 1758 3367 es.

962 3395 1081 3450 Noverat
1096 3393 1192 3448 Filium
1203 3394 1366 3450 Deivenisse
1378 3395 1555 3467 inmundum,
1569 3413 1616 3452 seu
1629 3414 1678 3468 per
1688 3413 1758 3469 pro-

961 3482 1058 3552 phetas
1077 3496 1126 3538 scu
1136 3499 1185 3553 per
1197 3482 1311 3556 angelos
1326 3484 1491 3553 nuntiantes,
1509 3501 1557 3540 sen
1568 3502 1618 3557 per
1627 3486 1762 3543 Ioannem

961 3572 1217 3627 demonstrantem:
1243 3573 1291 3627 sed
1315 3573 1379 3644 quia
1393 3573 1504 3628 humilia
1526 3574 1554 3628 in
1578 3591 1610 3630 eo
1639 3575 1760 3647 videbat,

962 3661 1035 3732 quod
1051 3660 1085 3715 de
1100 3660 1206 3716 Deitate
1230 3661 1383 3732 suspicatus
1407 3670 1457 3732 est,
1484 3679 1517 3717 ex
1541 3663 1672 3733 snperbia
1693 3665 1719 3720 ei
1733 3665 1763 3720 in

960 3748 1074 3803 dubium
1089 3750 1171 3804 v‘enit.
1197 3750 1275 3806 Unde
1290 3757 1317 3805 ct
1340 3750 1438 3806 callide
1462 3751 1579 3822 exquirit
1596 3769 1603 3806 :
1620 3753 1679 3809 Nec
1693 3752 1764 3808 indi-

112 3862 286 3932 abstinentia,
303 3861 407 3917 alienos
422 3867 550 3931 tanquam
564 3859 654 3930 pullos
666 3874 730 3914 suos
746 3857 828 3925 lov-et,
846 3871 911 3912 ecca
960 3837 1110 3936 Snumlfust
1134 3838 1271 3893 Christum
1295 3839 1392 3936 ¹⁰⁰¹&
1418 3839 1463 3910 ‘lui
1488 3846 1600 3895 veneral
1615 3840 1715 3910 0⁰05di2
1732 3849 1763 3896 ¹12

111 3952 239 4010 charitas.
258 3950 397 4007 Gemitum
413 3950 458 4004 dat
472 3963 523 4019 pro
538 3954 627 4015 cantu,
645 3962 710 4003 ecce
725 3944 908 4017 compunctio.
961 3932 1125 3981 ῖθῃῑᾶὓθῦθῦ
1140 3927 1295 3996 ὅῑΨθΓθῦᾶθ
1310 3927 1565 3998 1¹⁰blsll0testatem
1580 3929 1658 3985 diret
1674 3946 1761 4000 sule·

113 4040 202 4112 ευμεν
219 4054 305 4110 aquas
322 4038 399 4093 sede,
427 4044 456 4090 u,
479 4036 637 4106 accipitrem
659 4034 776 4105 praevjsa
790 4033 818 4088 pn
833 4032 911 4104 aquis
960 4013 1040 4068 randi
1055 4014 1226 4083 tentationes,
1245 4015 1314 4072 sicut
1329 4032 1377 4071 sna
1400 4024 1488 4072 morte
1510 4017 1621 4072 abstulit
1635 4026 1763 4075 nostram

111 4127 211 4185 umbra
225 4125 343 4182 declinet
360 4144 366 4180 :
383 4140 449 4181 eece
464 4123 627 4179 sollicitudo.
644 4123 676 4177 ln
686 4122 813 4179 columba
828 4137 911 4193 super
960 4103 1164 4159 m⁰f¹³lit⁸leffi

110 4215 262 4274 Dominum
270 4213 382 4285 spiritus
396 4213 521 4285 apparuit
533 4213 612 4284 :quia
625 4211 699 4268 venit
708 4227 759 4267 nos
773 4227 823 4282 per
837 4226 911 4265 man·
996 4208 1088 4281 (lixa.)
1103 4209 1227 4265 Christus
1237 4227 1293 4266 non
1306 4210 1358 4266 nisi
1368 4218 1430 4282 post
1443 4210 1608 4284 baptismum
1623 4229 1653 4270 se
1668 4221 1761 4269 tenta-

112 4303 288 4363 suetudinem
303 4302 444 4376 colligere.
457 4303 546 4373 Super
556 4300 705 4371 discipulos
719 4300 747 4354 in
761 4300 826 4373 igne
841 4314 910 4371 quos
960 4297 984 4353 ri
999 4298 1131 4369 permisit,
1148 4299 1289 4355 insinuans
1300 4301 1333 4355 ad
1349 4317 1378 4356 se
1389 4308 1484 4356 euntes
1499 4302 1642 4374 graviores
1658 4318 1761 4373 passu-

112 4403 148 4460 ad
162 4392 376 4452 consumendam
390 4390 545 4464 rubiginem
566 4389 671 4461 peccati
694 4397 790 4445 contra
805 4371 947 4459 seipsosD
962 4403 1017 4456 ros,
1035 4396 1098 4454 etc,
1115 4390 1251 4461 usquead
1269 4389 1392 4444 Christus
1408 4405 1473 4445 vero
1498 4390 1557 4445 sola
1581 4392 1761 4463 suggestione

113 4483 240 4539 veniebat
253 4483 416 4540 accendere.
432 4481 520 4537 Adam
534 4479 674 4551 peccando
697 4479 797 4535 coelnm
811 4476 909 4545 amisit,
960 4483 1078 4531 tentatus
1094 4475 1161 4531 texit:
1179 4477 1243 4548 quia
1267 4477 1412 4534 delectatio
1436 4479 1542 4548 peccati
1564 4486 1685 4535 mentem
1701 4481 1761 4550 ejus

113 4571 238 4628 Christus
253 4589 268 4626 a
284 4571 386 4643 Spiritu
401 4578 495 4627 sancto
510 4585 560 4641 per
573 4568 728 4625 columbam
742 4566 911 4640 glorificatus
959 4580 1015 4620 non
1030 4565 1186 4621 momordit.

78 4731 81 4735 Ι
112 4660 238 4732 apparuit
256 4678 263 4714 :
279 4660 414 4715 {lammam
428 4660 581 4715 vibrantem
596 4673 657 4730 quae
677 4656 749 4713 viam
772 4656 911 4728 prohibuit
996 4663 1114 4719 Vnnsl.
1126 4662 1310 4736 —Scriptum
1320 4667 1371 4719 est.
1383 4663 1444 4719 Non
1452 4662 1537 4718 utitur
1549 4671 1695 4735 potestate,
1710 4667 1760 4723 sed

111 4763 182 4820 aqua
206 4747 333 4820 baptismi
356 4748 505 4805 exstinxit:
526 4748 588 4821 quia
615 4763 685 4819 aqua
709 4752 750 4802 est
773 4743 911 4802 contraria
961 4751 1163 4822 scripturarum
1178 4752 1345 4821 anctoritate,
1358 4751 1460 4808 docens
1471 4768 1520 4807 nos
1536 4752 1624 4826 magis
1635 4754 1760 4812 doctrina

116 4835 185 4911 igni.
961 4855 1044 4912 quam
1054 4839 1332 4913 miraculispngnare.
1351 4841 1515 4897 Noainsolo
1524 4857 1600 4914 pane
1628 4844 1759 4903 nevitta-

150 4925 324 4998 Complocci.
340 4922 371 4978 ld
386 4930 437 4992 est,
454 4923 524 4981 bene
546 4923 675 4996 placitum
698 4938 791 4980 meum
806 4921 910 4980 consti·
961 4945 1016 5000 ¹ereo.
1025 4928 1109 4998 Quasi
1120 4927 1520 4984 :Persuasiotuatentatioest:
1535 4929 1598 5001 quia
1608 4930 1668 5003 agis
1679 4932 1759 4990 dcci·

113 5012 163 5082 tui,
180 5021 209 5069 ut
224 5020 253 5068 tu
267 5011 296 5067 in
310 5028 364 5085 quo
379 5011 446 5068 nihil
460 5011 513 5067 nisi
528 5014 630 5068 bonum
643 5013 761 5084 placeas,
779 5019 806 5068 et
819 5028 869 5083 per
883 5018 911 5067 te
962 5017 1136 5088 bocorporis,
1150 5023 1176 5072 et
1184 5033 1238 5072 non
1247 5016 1281 5072 da
1290 5016 1352 5072 cibo
1359 5017 1664 5089 mentislnleriorpars
1674 5021 1760 5077 homi·

110 5099 158 5156 alii
172 5116 229 5157 non
243 5100 272 5155 in
287 5118 326 5171 se,
344 5101 393 5158 sed
407 5100 436 5155 in
450 5107 486 5169 ta,
503 5099 531 5156 id
547 5107 597 5171 est,
614 5100 662 5156 tibi
678 5101 732 5158 fide
747 5108 774 5158 et
789 5099 910 5158 claritate
961 5106 1004 5160 nis
1018 5122 1089 5176 pane
1104 5112 1280 5173 sustentatur,
1297 5104 1349 5158 alia
1364 5106 1449 5162 verbo
1464 5106 1514 5162 Dei
1537 5106 1678 5164 reficitur:
1696 5110 1760 5182 quia

109 5187 179 5244 uniti
193 5189 332 5262 placeant.
962 5210 1028 5251 vero
1043 5193 1103 5266 agis
1118 5193 1153 5248 dc
1167 5193 1299 5261 inferiori,
1317 5201 1391 5265 patet
1406 5195 1480 5266 qxxod
1508 5202 1628 5251 tentator
1642 5197 1691 5253 sis.
1708 5200 1761 5256 Sed

959 5286 993 5341 ia
1008 5285 1087 5340 omni
1100 5282 1188 5351 aerbo,
1202 5290 1254 5338 etc.
1272 5281 1359 5338 Omne
1384 5282 1499 5339 verbum
1514 5283 1643 5352 charitas,
1661 5285 1690 5340 in
1705 5302 1760 5358 qua

961 5372 1133 5442 complentur
1147 5371 1238 5426 omnia
1254 5387 1314 5443 qxrae
1329 5372 1481 5442 procedunt
1505 5371 1540 5427 de
1554 5387 1603 5427 ore
1617 5373 1679 5441 Dei,
1692 5375 1760 5445 quia

147 5463 233 5522 Vens.
250 5466 276 5517 t.
301 5490 335 5503 -
361 5463 436 5520 laec
455 5463 543 5519 iesus.
574 5462 639 5519 Post
654 5462 828 5535 baptismum,
846 5463 910 5535 quia
961 5461 1148 5532 cujuscunque
1162 5460 1314 5516 ministerio
1329 5461 1464 5528 dieantur,
1481 5461 1610 5530 nunejus
1626 5464 1760 5532 sunt‚sed

74 5629 77 5634 ‚
111 5552 185 5612 nulla
199 5558 241 5611 est
253 5565 360 5610 moraa
382 5549 530 5610 tentatione
546 5569 554 5608 ι
568 5553 604 5611 Ut
617 5568 681 5610 mox
704 5554 801 5611 doceat
822 5552 909 5625 bapti·
958 5549 1027 5607 Dei:
1042 5549 1092 5607 sed
1114 5550 1138 5607 si
1160 5551 1305 5610 adversum
1324 5550 1390 5623 quid
1411 5550 1551 5620 inseritur,
1566 5551 1620 5609 hoc
1633 5567 1690 5608 non
1712 5558 1762 5610 est

433 5319 546 5377 CAPUT
564 5319 610 5376 lv.
