3772 6112
186 236 241 291 26⁸1
433 229 636 287 witiumbt
655 226 777 284 STRilBl
796 225 896 283 tutu.
915 223 1002 281 ubit.
1022 223 1100 281 OPP.
1120 223 1208 282 PARS
1227 225 1249 281 1.
1269 254 1304 265 -
1322 223 1557 282 THEOLOGICA.
1787 226 1841 281 stu

190 355 254 413 ucat
267 355 295 410 in
309 355 400 411 futuro
416 369 479 411 eum
494 353 602 408 Christo
610 353 645 408 de
653 349 823 407 dedicatione
838 348 986 405 laetaturus.
999 350 1028 411 A
1041 355 1119 420 cepta
1133 348 1293 421 complevit,
1309 349 1424 406 formam
1438 349 1520 405 docet
1539 363 1653 405 suorum
1674 348 1845 420 exsequendi

185 432 224 501 'Et
239 445 309 501 sicut
323 441 448 499 diabolus
464 441 623 498 obedientes
646 439 697 495 sibi
719 439 753 494 de
775 437 852 494 omlis
875 436 909 492 ad
931 443 989 493 ter·
1039 444 1250 509 praeceptorum.
1272 437 1341 492 Nam
1356 437 1445 492 statim
1465 436 1577 510 gentilis
1597 435 1770 494 centurionis
1784 450 1843 491 ser-

190 549 257 592 rena
272 541 299 588 et
313 531 349 589 ad
363 539 474 604 peccata
488 529 579 599 trahit,
596 527 643 584 ubi
656 543 711 584 non
725 525 989 596 estiundamcntum,
1041 542 1091 583 vus
1105 525 1222 582 Domino
1236 526 1371 582 sanandus
1393 525 1516 596 offertur,
1542 524 1571 581 in
1586 541 1642 598 quo
1656 522 1778 599 gentiles
1798 524 1844 597 qui

191 621 254 694 qula
269 620 371 676 malurn
386 627 427 675 est
442 619 500 674 sine
522 616 687 686 substantia,
704 622 732 671 et
746 631 856 688 semper
869 614 898 670 iii
911 613 990 670 dete·
1040 613 1176 670 mundana
1197 614 1328 671 servitute
1349 614 1418 688 aegri
1438 614 1611 685 tenebantur,
1634 610 1774 670 beneficio
1794 612 1845 669 Dei

192 710 266 767 riora
279 707 430 780 precipitat
440 725 447 762 :
457 707 497 762 sic
511 705 598 761 malus
616 705 732 775 auditor,
749 703 807 761 sive
822 703 857 758 sit
871 701 991 757 initiatus
1042 702 1163 758 salvandi
1172 702 1369 775 exprimuntur.
1381 703 1504 760 Intravit
1513 703 1727 776 capharnaum.
1741 702 1844 760 Centu-

190 797 328 870 mysteriis
343 795 451 865 Christi,
468 795 526 851 sive
541 810 575 849 ex
590 800 647 849 toto
665 793 787 862 alienus,
804 790 881 864 quasi
896 789 924 845 in
938 806 991 862 pu·
1040 792 1139 858 monh,
1157 798 1209 848 etc.
1225 792 1288 848 Non
1301 798 1363 848 ante
1378 791 1487 847 intravit
1502 807 1583 864 quum
1597 790 1685 848 uerba
1699 790 1843 846 terminas-

191 894 265 942 teum
280 885 339 941 sine
355 883 439 939 tundo
453 882 648 955 praecipitatus,
658 896 712 937 non
728 879 831 938 invenit
845 879 891 935 ubi
906 894 936 934 se
950 894 993 934 re·
1042 887 1092 950 set,
1109 879 1161 935 etsi
1175 879 1265 935 statim
1278 886 1341 952 post
1354 880 1414 936 haec
1428 879 1513 936 verba
1527 895 1584 936 non
1604 877 1728 936 intravit.
1752 878 1843 935 Prius·

191 973 291 1044 tinent,
315 972 365 1028 sed
388 987 451 1029 cum
476 971 582 1028 venerit
602 969 631 1025 in
652 969 818 1042 profundum
844 967 989 1038 malorum,
1042 984 1123 1040 quam
1137 967 1209 1024 enim
1224 968 1346 1039 intraret,
1363 967 1466 1040 inipso
1480 967 1791 1027 mtervallomuudatus
1804 976 1844 1026 est

192 1062 348 1119 contemnit.
1041 1057 1181 1129 leprosus,
1197 1064 1227 1113 ut
1241 1056 1381 1114 Mattheus
1396 1056 1481 1129 ponit.

225 1177 309 1233 Veiis.
326 1177 370 1231 iu.
387 1205 423 1216 -
438 1173 518 1232 Fodit
533 1176 566 1230 iii
580 1175 682 1231 altura.
704 1172 782 1229 Fodit
797 1171 826 1227 in
840 1171 925 1227 altum
945 1168 993 1243 qui
1076 1172 1161 1228 Vnus.
1179 1176 1205 1228 3.
1221 1202 1256 1214 -
1270 1173 1346 1229 Misit
1364 1173 1401 1228 od
1415 1189 1481 1229 eum
1501 1173 1644 1240 seniores,
1668 1179 1723 1229 etc.
1748 1169 1844 1229 Divina

190 1264 335 1338 praeceptis
348 1263 507 1319 humilitatis
522 1270 629 1318 terrena
644 1261 735 1318 omnia
749 1260 784 1317 de
800 1274 912 1316 suorum
931 1272 992 1314 cor·
1041 1261 1213 1333 providentia
1235 1261 1360 1317 seniores
1386 1260 1545 1317 Judaeomm
1570 1259 1727 1333 mittuntur,
1755 1267 1785 1317 et
1804 1260 1844 1316 eis

189 1353 270 1410 dibus
284 1352 406 1409 funditus
419 1351 498 1422 eruit,
508 1367 543 1406 no
557 1358 671 1422 propter
678 1348 791 1421 aliquod
806 1347 926 1404 usibile
934 1348 992 1403 Deo
1042 1350 1222 1421 praesentihus
1235 1349 1381 1423 languidus
1395 1357 1514 1421 sanatur,
1530 1357 1561 1407 ut
1572 1348 1779 1407 inexcusabiles
1793 1348 1846 1405 sint

192 1440 303 1510 serviat,
327 1448 356 1496 ut
370 1439 562 1496 inconcussam
583 1438 612 1493 in
633 1438 673 1493 eis
694 1437 792 1493 haheat
811 1437 991 1491 mansionem.
1044 1439 1068 1493 si
1083 1439 1197 1496 credere
1211 1438 1358 1495 noluerint.

194 1531 291 1588 Posuit
299 1528 532 1602 fundamentum.
549 1524 893 1597 Fundamentapluraliter,
901 1524 994 1580 docto-
1078 1527 1207 1583 Centurio
1228 1527 1331 1584 amicos
1353 1527 1450 1598 mittit,
1472 1543 1508 1583 ne
1528 1525 1677 1600 praesentia
1698 1542 1750 1583 sua
1763 1542 1844 1584 vere-

193 1634 255 1686 res3
281 1616 457 1691 singulariter
485 1615 707 1686 tundamentum,
730 1614 827 1671 doctor
849 1612 992 1669 doctorum
1044 1616 1171 1672 cundiam
1185 1615 1295 1672 Domini
1309 1633 1424 1689 gravme
1438 1616 1589 1688 videretur,
1604 1624 1632 1673 et
1645 1614 1771 1674 officium
1784 1614 1845 1675 offi-

182 1707 325 1764 .Christus.
527 1752 530 1760 .
999 1703 1083 1765 Bcio
1105 1719 1279 1774 provocasse.
1304 1702 1444 1776 Significat
1464 1712 1571 1776 autem,
1594 1705 1659 1777 quia
1682 1721 1735 1761 nos
1750 1703 1845 1777 quide

225 1795 374 1852 Moraliter.
397 1793 581 1849 Fundamenta
601 1792 716 1861 domus,
731 1790 894 1846 intentiones
908 1789 988 1844 honoe
1045 1792 1172 1865 gentibus
1186 1793 1324 1850 credimus
1338 1793 1372 1848 ad
1386 1794 1542 1865 Dominum,
1551 1809 1607 1850 non
1614 1793 1669 1866 ipsi
1677 1793 1775 1851 venire
1781 1809 1846 1866 pos·

194 1882 425 1952 conversationis,
449 1898 516 1952 quas
537 1897 588 1951 per
609 1879 787 1934 humilitatem
811 1877 990 1933 Christianam
1045 1898 1139 1936 sumus
1154 1898 1235 1953 quem
1250 1881 1277 1937 in
1292 1898 1374 1939 carne
1388 1881 1482 1939 videre
1496 1898 1551 1940 non
1564 1898 1733 1955 possumus,
1748 1883 1799 1939 sed
1810 1881 1846 1937 ad

194 1970 332 2029 exhaustis
362 1985 592 2042 supervacuarum
620 1967 815 2040 cogiluliouum
847 1964 993 2020 ruderibus
1044 1970 1210 2027 residentem
1224 1969 1253 2025 in
1267 1971 1379 2027 dextera
1393 1970 1490 2027 Patris,
1506 1971 1623 2028 Gentilis
1638 1971 1845 2044 populusqimsi

195 2060 335 2133 perfectus
353 2059 460 2115 auditor
475 2058 503 2111 in
517 2072 547 2113 se
561 2056 674 2125 inserit,
690 2057 743 2111 hoc
757 2054 785 2109 in
801 2071 830 2109 se
845 2052 994 2124 spirituali·
1044 2059 1168 2114 eenturio
1202 2059 1315 2130 stipatur
1347 2060 1432 2116 milite
1460 2060 1590 2117 virtutum
1612 2069 1641 2116 et
1662 2061 1844 2134 spiritualium

194 2157 237 2205 ter
250 2165 345 2222 agens,
362 2147 435 2219 quod
450 2145 573 2202 Christus
587 2145 616 2199 in
629 2145 757 2200 universa
770 2142 894 2199 Ecclesia
909 2155 993 2214 gene·
1043 2147 1225 2219 perfectione,
1242 2165 1303 2220 que
1323 2149 1352 2204 in
1374 2158 1483 2206 eentum
1503 2148 1685 2224 significetur,
1703 2149 1843 2220 Sublimis,

197 2239 291 2293 rahter
305 2236 371 2309 agit.
1043 2236 1110 2291 nihil
1125 2245 1265 2292 terrenum
1279 2237 1420 2294 abomino
1434 2239 1486 2293 sihi
1500 2239 1612 2310 suisque
1626 2238 1786 2311 requirens,
1797 2237 1844 2294 sed

228 2325 427 2382 inundatione.
440 2322 515 2377 Hanc
524 2320 726 2376 inundationem
739 2319 802 2374 alibi
810 2325 902 2390 portas
912 2316 994 2374 inferi
1044 2325 1102 2381 sola
1116 2333 1227 2382 eternae
1241 2325 1335 2381 salutis
1349 2328 1448 2400 gaudia
1464 2345 1471 2383 ε
1487 2327 1556 2383 ethi
1569 2344 1622 2399 pro
1637 2328 1740 2400 servis,
1751 2328 1779 2384 id
1792 2334 1842 2399 est,

194 2413 322 2487 appellat.
338 2413 374 2468 Et
390 2414 479 2484 porte
488 2410 578 2481 inseri
586 2426 644 2465 non
656 2409 850 2481 praevalebunt
860 2407 993 2464 adversus
1042 2414 1150 2484 probis
1165 2414 1315 2486 quiadhuc
1336 2415 1433 2487 spiritu
1454 2416 1592 2472 servitutis
1610 2415 1642 2472 in
1662 2416 1765 2474 timore
1778 2431 1843 2489 pre·

195 2501 376 2573 cumulasti.
397 2499 468 2570 xvi).
495 2498 560 2554 Haeo
580 2495 720 2552 inundatio
741 2496 828 2551 trihus
848 2495 938 2552 modis
952 2494 991 2566 sit,
1042 2511 1163 2573 muntur,
1178 2503 1295 2559 Domino
1310 2504 1478 2575 supplicant,
1493 2513 1524 2560 ut
1537 2505 1578 2561 eis
1599 2504 1734 2576 paulatim
1747 2505 1782 2562 ad
1796 2521 1843 2561 su·

180 2591 256 2662 cuia
270 2596 389 2646 tentatur
403 2585 673 2660 quisqueapropiia
688 2584 926 2655 concupiscentia,
949 2582 993 2640 vel
1043 2591 1152 2662 periei-a
1178 2591 1339 2663 proveetis,
1367 2596 1495 2665 perfecte
1518 2593 1634 2652 dileetio
1648 2597 1728 2666 sem
1744 2595 1843 2652 mittet

195 2678 326 2734 falsorum
348 2677 462 2731 fratrum
483 2673 673 2745 improbitate,
698 2673 741 2728 vel
764 2679 857 2744 aperta
872 2671 992 2727 exteiio-
1044 2679 1174 2737 timerem
1187 2678 1212 2750 (1
1224 2683 1304 2738 ioan,
1321 2682 1371 2753 iv),

195 2782 256 2822 ΝΠ)
277 2763 490 2837 impugnami-
520 2764 641 2818 miiitu-
675 2761 767 2816 Potest
793 2776 843 2831 per
862 2760 993 2831 impetum
1078 2776 1218 2832 Mattheus
1231 2776 1296 2833 dicit
1310 2777 1498 2835 centurionem
1518 2780 1688 2852 accessisse,
1706 2781 1843 2854 quodper

195 2853 324 2922 fluminis,
341 2852 454 2907 extremi
466 2850 562 2920 judicii
577 2848 726 2905 discrimen
741 2848 867 2921 intelligi,
884 2848 992 2920 quando
1043 2862 1125 2919 fidem
1146 2865 1353 2939 intelligendum
1380 2875 1431 2923 οὓς,
1455 2868 1508 2924 per
1528 2867 1612 2925 fidem
1632 2869 1710 2926 enim
1729 2887 1797 2928 ,ere
1810 2869 1842 2927 ,d

193 2941 318 2998 Ecclesia
327 2948 441 3011 utraque
450 2946 491 2995 est
501 2944 695 2995 consummate.
709 2938 863 3010 Omnisqui
874 2953 904 2993 se
915 2938 993 2993 eeal-
1042 2953 1130 3008 Deum
1144 2953 1293 3025 acceditur,
1307 2971 1368 3026 quae
1382 2955 1411 3010 jn
1425 2956 1585 3013 centurione
1600 2973 1617 3013 a
1630 2958 1752 3016 pompm
1765 2974 1841 3017 eom.

194 3034 239 3087 tct
253 3029 462 3093 humiliabitur,
489 3031 517 3083 ct
541 3028 589 3100 put
609 3042 638 3082 se
658 3027 793 3082 liumilict
816 3026 993 3082 exultabitur
1006 3057 1031 3122 C
1042 3042 1203 3098 mendaeem
1215 3043 1595 3115 Nonpnpmitamamfidem
1605 3049 1638 3103 e„
1648 3049 1841 3106 memorre

193 3118 273 3189 (W-
288 3116 360 3188 ¹¹V)·
377 3116 477 3172 Domui
489 3115 545 3170 llll·
562 3113 684 3186 Singlssae
697 3114 914 3184 ¹¹0⁵lf³³d0¹¹¹1152
925 3129 993 3185 ‘1¹¹⁰‘
1042 3129 1128 3186 Lucas
1142 3130 1239 3187 ordino
1261 3147 1315 3204 quo
1337 3140 1446 3206 gestum
1468 3141 1510 3190 est
1530 3135 1701 3208 exsequitur,
1717 3145 1748 3192 ut
1761 3136 1840 3193 intel·

193 3205 269 3274 tidie,
285 3204 330 3261 vel
343 3203 546 3259 immundorum
561 3202 715 3272 spirituum,
738 3200 782 3257 vel
804 3202 992 3272 improborum
1041 3218 1129 3292 pigere
1150 3235 1324 3293 cOgeremur‚
1349 3222 1487 3294 quomodo
1509 3239 1573 3280 eum
1597 3225 1754 3284 memisse
1779 3225 1841 3284 dieii

178 3293 344 3361 bominum,
360 3291 403 3348 vel
419 3307 476 3346 suae
490 3291 576 3362 ipsius
590 3289 705 3359 mentis,
719 3289 764 3345 vel
777 3290 867 3345 earnis
882 3289 992 3362 inquie-
1041 3307 1192 3364 Mittimus,

191 3382 285 3438 tudine
300 3380 452 3453 pulsantur.
461 3379 496 3434 Et
507 3387 637 3450 quantum
647 3378 767 3451 propriis
779 3378 883 3435 viribus
894 3377 980 3434 fidunt

178 3468 358 3531 ,inclinantur
374 3486 381 3523 :
397 3475 526 3540 quantum
537 3467 726 3525 invictissimae
739 3474 825 3540 petrae
840 3468 980 3523 adhaerent

193 3557 349 3615 labefactari
365 3566 511 3630 nequeunt.

983 3419 991 3450 ’
1077 3423 1840 3504 Vnns.5.-Gcntemnostrom.htystice.Gentilispopu·

982 3508 989 3537 ’
1041 3510 1084 3567 lus
1099 3512 1187 3583 (euius
1202 3510 1414 3587 figuramgestat
1428 3515 1563 3588 centurio)
1573 3517 1722 3593 nonlcnge
1735 3519 1840 3576 habeta

1041 3600 1123 3657 domo
1137 3602 1246 3672 iesum,
1264 3604 1371 3659 tametsi
1394 3603 1445 3659 suh
1464 3611 1536 3661 tecto
1550 3604 1667 3663 invitare
1682 3624 1739 3664 non
1752 3607 1838 3680 audet,

228 3683 313 3741 vnis.
329 3685 373 3739 lu.
389 3714 424 3723 -
438 3684 529 3756 Supra
546 3687 663 3754 terrum,
680 3690 733 3738 etc.
756 3681 887 3738 Diabolus
908 3697 991 3737 mun·
1042 3689 1839 3767 quia,propetimentesaumsulutcreipsius.Quinaturali

191 3769 256 3829 dum
288 3772 335 3845 qui
366 3773 395 3827 in
427 3772 547 3845 maligno
566 3771 671 3843 positus
704 3779 746 3826 est
778 3787 861 3842 super
890 3778 992 3826 terram
1041 3789 1104 3851 lege
1120 3786 1194 3835 recte
1210 3779 1303 3850 utitur,
1319 3788 1348 3835 ut
1361 3781 1432 3836 bona
1447 3798 1508 3854 quae
1523 3783 1838 3859 novitoperatur,ecilli

192 3860 324 3932 aedificat,
347 3861 410 3933 quia
430 3861 464 3916 ad
487 3868 659 3915 terrenorum
681 3875 803 3915 amorem
818 3859 910 3915 trahit.
926 3859 991 3914 Sine
1042 3861 1089 3932 qui
1102 3877 1168 3917 vere
1183 3862 1270 3919 bonus
1285 3872 1327 3919 est
1340 3865 1491 3936 appropiat.
1516 3867 1552 3921 At
1571 3865 1628 3922 illis
1651 3885 1724 3941 quos
1747 3885 1837 3927 esrom

193 3948 368 4004 fundamento
382 3946 512 4017 aedificat,
529 3948 591 4019 quia
606 3954 747 4018 peccatum
764 3947 793 4001 in
807 3947 919 4018 propria
939 3963 991 4001 na·
1042 3950 1199 4022 gentihtatis
1221 3952 1334 4008 erimina
1357 3953 1517 4024 vinxerant,
1542 3955 1629 4027 aptari
1642 3966 1736 4029 potest
1745 4001 1754 4031 ,
1770 3957 1838 4032 quod

193 4043 254 4091 tura
268 4051 324 4092 non
340 4034 475 4103 subsistit,
499 4035 561 4105 quia
582 4035 683 4089 malum
705 4034 854 4089 substantia
868 4050 923 4091 non
939 4041 990 4106 est,
1041 4037 1105 4091 alibi
1120 4038 1236 4095 dicitur:
1255 4041 1374 4108 Quidam
1388 4043 1466 4099 enim
1481 4059 1518 4101 ce
1534 4043 1579 4101 his
1602 4044 1638 4103 dc
1661 4046 1768 4122 loopse
1797 4078 1817 4095 «ι

195 4123 269 4196 quod
283 4131 373 4178 tamen
387 4121 542 4194 ubicunque
556 4121 585 4177 sit
605 4122 634 4176 in
654 4122 725 4177 hona
746 4130 842 4178 natura
863 4123 991 4181 coalescit
1041 4130 1112 4182 runt
1128 4127 1224 4198 (More.
1240 4129 1311 4203 viii).

193 4212 238 4269 vel
252 4212 311 4267 sine
327 4210 511 4281 fundamento,
526 4210 554 4265 id
570 4210 684 4265 estsine
706 4209 799 4267 tundo.
824 4211 900 4267 Siout
923 4227 991 4285 ergo
1077 4241 1163 4298 pm
1179 4246 1205 4298 5·
1216 4274 1251 4283 -
1261 4247 1340 4301 m„
1349 4250 1447 4302 „tem
1460 4246 1528 4304 pha,
1545 4246 1612 4306 5010
1620 4249 1707 4307 mh„
1715 4256 1821 4323 pomp,

193 4300 240 4374 qui
254 4300 283 4355 in
296 4307 378 4372 puteo
396 4300 540 4372 mergitur,
557 4298 632 4370 putei
646 4297 771 4354 infundo
792 4300 934 4368 retinetur,
951 4300 992 4357 sic
1041 4337 1194 4402 emtum,
1217 4332 1252 4386 ,d
1274 4333 1431 4390 humilimus
1453 4336 1720 4396 commendafionem
1732 4338 1783 4397 ,isi

193 4390 281 4445 anima
296 4388 372 4459 lapsa
394 4387 474 4485 quasi
491 4386 519 4440 in
541 4386 659 4458 quodam
681 4387 742 4486 loeo
764 4386 840 4442 fundi
856 4387 1028 4476 consistit,D
1042 4417 1170 4491 dignam,
1192 4418 1383 4495 languenoem,
1407 4430 1434 4478 e,
1455 4423 1501 4496 qu,
1525 4425 1559 4479 ,d
1580 4426 1732 4483 sanandum
1772 4449 1809 4489 4,

194 4478 218 4533 Si
231 4477 614 4575 inqili‘luapsscianmfflsum
628 4491 657 4530 ⁵⁰
673 4483 781 4531 renuet·
792 4476 845 4531 sed
856 4492 992 4548 ΕΙΠῙΨΜ·
1041 4504 1126 4561 filium
1141 4507 1181 4564 ire
1203 4509 1306 4582 noluit,
1331 4527 1366 4566 ne
1389 4511 1496 4568 divitias
1517 4513 1670 4572 honorasse
1690 4515 1880 4577 videretis-1·

195 4572 255 4621 ⁰⁸¹0
269 4582 297 4619 ¹¹1
312 4580 365 4662 (ΡΟ
380 4564 479 4662 ¹³le
493 4579 548 4662 {¹⁰¹¹
570 4571 660 4662 P⁰f⁰⁵l
683 4580 744 4620 ⁰⁵³⁶
757 4571 910 4663 ‚⁰9⁰¹enmt
926 4565 991 4621 dum
1040 4595 1074 4650 ad
1090 4611 1199 4653 servum
1213 4597 1295 4665 i'adit
1312 4614 1347 4654 ne
1362 4600 1490 4657 servilem
1503 4601 1691 4660 conditionem
1704 4563 1885 4676 sprevisse,

194 4651 229 4707 ad
243 4651 379 4751 deteriora
400 4652 521 4724 quotidie
545 4652 663 4722 ducitur,
687 4669 764 4752 quasi
786 4669 824 4753 in,
838 4660 920 4723 puteo
936 4669 990 4756 quo
1040 4691 1190 4756 ,mmmm
1216 4685 1313 4744 Effice,
1326 4687 1398 4744 fides
1412 4688 1441 4744 ,n
1454 4689 1584 4762 opefflms
1598 4691 1667 4749 dum
1680 4699 1773 4764 sm„
1787 4693 1872 4750 sep

192 4738 312 4796 concidit
327 4737 438 4794 iundum
459 4757 514 4813 quc
537 4739 640 4840 figatur
656 4755 711 4797 non
735 4749 845 4840 invenit.
865 4742 992 4799 Concidet
1039 4771 1102 4843 plus
1125 4781 1254 4844 opem„
1275 4775 1412 4831 humum,
1435 4777 1464 4832 in
1493 4776 1636 4836 affectibus
1658 4780 1724 4837 dum
1756 4778 1858 4839 ὼ

193 4833 222 4885 ct
236 4831 315 4927 sacto
329 4829 477 4896 ostracine,
493 4835 545 4884 etc.
562 4829 657 4885 Omms
672 4839 848 4930 conscientia,
859 4847 926 4929 ,quae
940 4846 990 4903 spe
1039 4861 1100 4918 N„
1114 4878 1178 4918 „m
1192 4863 1303 4936 dmm
1315 4865 1431 4937 p„„„„
1441 4865 1503 4923 νὴ
1512 4868 1624 4940 gemm,
1633 4867 1850 4938 conscientian,

192 4913 245 4970 tixa
264 4932 292 4970 in
312 4916 401 4970 Deum
421 4931 476 4970 nou
497 4925 654 4988 permanet,
678 4934 706 4972 iii
727 4919 919 4974 tentationibus
933 4935 989 4975 nou
1039 4949 1148 5023 mn,
1169 4966 1199 5006 se
1221 4951 1309 5025 mag„
1329 4952 1488 5026 dignm„
1510 4956 1745 5027 pu„„,1)0m„„
1758 4969 1845 5030 qm

191 5002 442 5102 'alftpesSiSlesei
464 5011 490 5102 et
511 5011 585 5060 ¹³n¹⁰
607 5005 667 5076 [³¹⁰³
689 5006 788 5106 {difusa
812 5007 989 5107 ‘lFffan'lffi
1036 5037 1136 5108 juvari,
1152 5055 1205 5095 nec
1217 5056 1299 5111 posse
1314 5041 1415 5098 habere
1429 5043 1566 5116 hospitem
1581 5044 1740 5118 Christiun,
1760 5043 1838 5115 cujus
1881 5054 1884 5059 '

190 5106 220 5146 in
234 5089 288 5145 illis
303 5107 364 5161 quae
377 5091 472 5146 mundi
487 5099 550 5146 sunt
571 5108 587 5146 a
611 5095 798 5165 superioribus
812 5095 986 5168 disiungitur.
1038 5125 1089 5182 ms,
1104 5125 1158 5182 fid,
1172 5129 1322 5199 pampus,
1338 5131 1460 5187 nondum
1485 5140 1577 5189 ,amen
1592 5134 1769 5192 ,amentis
1782 5132 1832 5189 im.

189 5179 225 5235 Et
239 5194 305 5236 vere
319 5194 415 5234 omnes
429 5178 495 5234 mali
508 5178 552 5235 vel
566 5178 628 5236 fiete
642 5182 707 5238 houi
715 5182 861 5257 ingruente
869 5183 989 5256 qualibet
1037 5214 1128 5270 butu„
1145 5216 1199 5272 Sed
1214 5218 1276 5290 qui,
1299 5219 1372 5290 quod
1396 5218 1539 5278 infirmita,
1561 5223 1684 5281 human,
1696 5239 1752 5282 ηομ
1762 5233 1828 5297 pre-

188 5266 566 5339 ²0³¹⁸U⁰¹102P010fe⁵fi¹¹¹¹i
1038 5304 1425 5380 animumanimumum
1447 5310 1524 5366 novit
1543 5310 1573 5367 in
1596 5310 1716 5388 uenam
1728 5305 1824 5388 iendis

1037 5391 1141 5464 populi,
1158 5401 1184 5449 et
1207 5410 1284 5478 suam
1305 5393 1389 5452 fidem
1409 5397 1532 5454 nondinis
1553 5401 1738 5460 catechizatus
1750 5400 1823 5458 auo·

1036 5480 1112 5538 mino
1126 5481 1230 5539 laudari
1245 5490 1272 5540 et
1286 5482 1417 5542 famulum
1431 5486 1522 5543 sanari
1530 5489 1694 5562 promeruit.

224 5588 309 5644 Vnus.
318 5589 342 5642 t.
351 5585 724 5656 -dumauteminiptcsset.
737 5585 853 5644 Pulchre
863 5587 985 5662 uhiproe·
1071 5596 1157 5653 Vnus.
1174 5602 1199 5653 8.
1212 5628 1246 5640 -
1256 5599 1327 5656 Nom
1337 5605 1431 5675 etepo,
1448 5608 1501 5660 etc.
1518 5603 1549 5662 Si
1563 5621 1618 5681 ego
1627 5606 1712 5666 homo
1725 5604 1817 5667 subiit

492 5443 604 5500 CAPUT
622 5444 679 5500 vu.
