3772 6112
169 255 219 308 est
481 246 819 307 waterutotsttttut
834 243 934 300 auto.
951 240 1037 298 llON.
1054 240 1229 300 oeeettts
1244 243 1561 316 t.-T11u0toutct.
1772 252 1822 307 89!

208 377 299 434 trisse
314 377 399 433 ittam
415 376 446 431 tn
462 376 575 432 domum
590 391 681 438 autam,
698 372 726 426 id
742 379 783 426 est
799 366 974 425 revocavitil-
979 368 1008 430 A
1023 368 1108 422 Adam
1123 383 1172 439 per
1187 377 1243 423 tres
1258 370 1390 438 peccavit,
1406 370 1434 425 id
1444 379 1486 426 est
1496 371 1656 442 concupivit
1670 373 1829 442 prevarica-

136 510 139 517 .
166 465 221 520 lum
257 466 292 520 ad
329 465 471 535 pristinam
511 464 654 517 mundaum
690 468 794 514 natura:
811 475 817 514 :
835 457 972 513 discensio
1021 457 1068 523 vit,
1095 458 1210 527 superbe
1231 459 1286 528 egit
1302 476 1308 512 :
1325 459 1363 513 ita
1378 468 1404 513 ει
1425 461 1549 515 Christus
1574 468 1631 516 tres
1656 460 1718 516 dies
1739 461 1825 517 haitin

167 553 265 608 Christi
280 554 315 608 de
328 562 428 616 monte,
446 552 565 608 ostendit
588 551 646 619 ejus
668 548 869 604 discensionem
884 562 898 600 ε
912 561 971 600 coe-
1022 547 1148 617 sepulcro
1164 565 1170 600 :
1187 547 1310 601 similiter
1330 555 1355 602 et
1376 549 1501 618 proinde,
1526 557 1569 604 ter
1591 550 1728 622 mergitur
1749 551 1824 607 hono

166 641 200 696 lis
218 660 224 696 :
241 642 284 697 hic
298 641 432 711 discipuli,
451 641 575 695 ordinem
601 648 693 693 tenent
718 638 913 706 Prophetarum
928 634 971 688 vel
1022 636 1072 689 sub
1086 637 1159 689 unda
1180 637 1304 705 baptismi
1323 654 1329 689 :
1346 638 1418 692 unde
1442 638 1478 691 ait
1501 638 1653 709 Apostolus
1677 640 1825 710 consepulti

168 731 381 785 Patriarcbarum
399 747 406 782 :
425 728 509 784 turbae
524 729 692 800 inquirentes
708 727 743 781 ab
759 725 809 790 eis,
824 725 972 779 adrentum
1021 725 1093 778 enim
1109 741 1201 779 sumus
1217 741 1277 779 enm
1294 726 1403 780 Christo
1417 742 1468 796 ρετ
1488 727 1657 797 baptismum
1675 746 1683 781 :
1700 729 1728 781 in
1742 737 1826 784 morte

168 819 265 874 Christi
281 818 421 873 ostendit:
440 818 519 885 Quod
535 818 630 882 turbae,
647 817 738 888 legem
756 831 771 869 a
787 812 929 883 Prophetis
944 819 971 866 et
1021 813 1093 866 enim
1109 813 1192 883 ipsius
1209 814 1333 884 baptizati
1345 831 1447 882 sumas,
1460 818 1505 887 qni
1517 816 1634 871 voluerit
1646 818 1675 870 in
1687 817 1767 872 vobis
1777 816 1828 888 pri·

167 907 329 962 Patriarchis
351 906 565 977 conquirebatur
583 923 588 959 :
605 905 756 959 salutabant
778 918 849 961 eum,
866 901 910 955 hic
924 916 969 954 sa·
1020 917 1080 954 mus
1095 918 1156 956 esse
1169 921 1175 955 :
1188 903 1236 956 erit
1252 904 1372 957 omnium
1388 921 1491 968 servus,
1509 905 1553 960 hic
1568 906 1691 960 ostendit
1701 907 1827 961 doctores

167 995 249 1049 latem
273 1010 322 1065 pro
344 995 494 1049 humilitate
517 992 762 1064 intelligitur:qni
776 990 872 1044 adtulit
886 987 969 1042 hlium
1020 989 1279 1045 Ecclesiae:caeeus
1308 1000 1381 1045 tenet
1404 991 1522 1065 figuram
1552 994 1689 1065 gentium,
1714 995 1826 1050 sedebat

167 1100 255 1148 suarm,
286 1084 411 1138 ordinem
440 1091 512 1138 tenet
537 1083 752 1137 Patriareharum
782 1079 852 1133 tilius
882 1094 970 1150 genus

167 1174 314 1226 humanum
335 1172 453 1227 ostendit
470 1190 476 1225 :
493 1188 542 1241 ρετ
557 1186 681 1240 spumam
704 1167 859 1239 superbiam
874 1174 969 1221 osten—

169 1261 223 1315 dit:
241 1277 290 1331 per
306 1261 451 1315 stridorem
466 1260 595 1323 dentium,
612 1276 662 1329 per
676 1274 803 1312 arescere
817 1255 968 1320 avaritiam,

170 1350 289 1406 ostendit
305 1349 431 1419 discipali
448 1366 501 1403 non
525 1357 668 1419 potuerant
690 1362 786 1402 curare
805 1361 810 1400 :
826 1345 870 1398 hic
886 1343 969 1398 disci-

166 1438 221 1510 puli
245 1437 360 1510 figuram
376 1447 466 1493 tenent
484 1437 710 1502 patriarcharum,
729 1435 793 1506 qnia
807 1449 895 1504 neque
906 1434 970 1486 Pro-

168 1529 258 1598 phetae
275 1543 363 1599 neque
379 1527 542 1582 Patriarchee
557 1534 701 1596 potnerunt
715 1539 810 1578 curare
822 1524 970 1576 humanum

167 1632 264 1688 genus,
282 1615 334 1670 nisi
350 1616 462 1671 veniens
484 1615 608 1669 Christus
631 1629 680 1668 suo
703 1612 834 1684 sanguine
857 1609 970 1664 redemit

167 1704 252 1770 illum,
276 1713 303 1758 ut
326 1705 362 1758 ait
383 1705 519 1773 Propheta
547 1703 629 1757 trater
654 1719 707 1757 nou
731 1700 855 1766 redemit,
879 1699 905 1754 id
930 1705 1011 1788 estB

166 1794 276 1863 Moyses
290 1810 340 1863 per
355 1793 445 1865 legem
461 1792 585 1847 redemit.

203 1910 296 1972 llonto,
333 1907 359 1960 id
395 1916 435 1960 est
471 1907 622 1961 Christus:
644 1906 685 1960 ab
718 1904 836 1970 infantia,
872 1904 898 1956 id
932 1910 972 1956 est

168 1997 255 2067 prima
283 2004 362 2049 aetate
388 1996 502 2066 generis
524 1996 633 2048 humani
652 1994 741 2048 :dixit
762 2000 839 2063 pater
861 1991 971 2045 intanti:

166 2086 263 2152 Credo,
280 2085 376 2153 adjura
393 2085 580 2139 incredulitate
596 2101 666 2144 ntea,
692 2082 809 2137 ostendit
824 2081 934 2144 dixisse,
950 2079 973 2134 si

166 2175 243 2228 deest
259 2172 325 2228 fides
341 2174 457 2242 adauge,
475 2174 587 2227 maltum
603 2173 763 2242 discerpens
778 2187 838 2224 euru
857 2187 864 2224 ε
881 2178 972 2224 οειεττ·

167 2262 206 2317 dit
222 2262 284 2333 quia
301 2263 409 2332 quando
424 2262 489 2317 vidit
505 2262 643 2316 diabolum
661 2277 801 2315 erasarum
817 2260 851 2313 de
862 2267 934 2312 terra
945 2259 971 2312 in

167 2350 221 2405 tine
237 2349 331 2404 mundi
349 2369 355 2404 :
372 2359 436 2405 tunc
451 2352 530 2405 datar
542 2351 579 2404 illi
594 2358 727 2420 potestas,
745 2357 772 2402 at
788 2348 867 2403 saciat
883 2364 971 2418 qnan-

168 2447 223 2493 tum
238 2439 293 2493 vult
316 2446 427 2509 prepter
452 2440 553 2494 electos
568 2439 617 2493 Dei
633 2457 639 2491 ε
656 2455 717 2493 earn
733 2424 798 2491 vidit
814 2436 892 2490 sede
908 2451 972 2489 uno·

164 2544 273 2599 quoque
287 2528 424 2582 homiaem
449 2544 497 2597 per
521 2527 727 2584 corriessioacm
743 2534 770 2580 et
785 2525 971 2597 peonitentiam

167 2617 276 2687 expelli,
295 2625 358 2672 tunc
372 2626 466 2672 contra
480 2617 542 2671 illos
557 2618 617 2687 plns
634 2616 773 2671 suscitavit
787 2615 850 2669 vitia
865 2622 891 2668 et
907 2630 970 2669 cru-

168 2706 324 2761 delissimas
340 2706 568 2777 impugnationes,
586 2705 672 2761 lactus
688 2714 729 2759 est
744 2704 969 2767 velutmortuns·,

168 2795 212 2850 hic
236 2795 388 2865 exemplum
412 2796 529 2849 ostendit
554 2803 697 2867 purgatam
720 2793 866 2856 hominem,
887 2791 972 2845 idest

169 2883 215 2955 qui
232 2899 281 2953 per
297 2883 497 2938 contessionem
512 2891 538 2938 et
553 2883 748 2953 prenitentiam,
765 2879 908 2935 nrartifieat
923 2895 970 2934 se-

1017 1077 1094 1146 juxta
1109 1079 1189 1144 riam,
1207 1079 1233 1133 id
1249 1088 1289 1134 est
1301 1081 1377 1148 juxta
1392 1079 1483 1137 fidem.

1057 1221 1200 1277 Clamabat
1216 1222 1252 1277 ad
1265 1224 1371 1288 tesam,
1390 1225 1523 1279 ττιὶεετετε
1534 1226 1591 1280 τεεί
1601 1245 1610 1280 .·
1621 1224 1756 1280 Moralem
1767 1242 1818 1281 sen-

1021 1326 1090 1377 sum,
1107 1327 1168 1365 cunr
1184 1311 1372 1367 incumbemus
1388 1312 1415 1366 in
1429 1313 1559 1380 oratione,
1588 1323 1654 1370 tunc
1670 1313 1752 1368 turba
1768 1312 1825 1370 ian·

1021 1406 1116 1466 tasma,
1141 1408 1245 1453 mentes
1270 1398 1390 1455 fidelium
1412 1401 1563 1472 increpant,
1590 1411 1618 1456 ut
1634 1410 1743 1457 taceant
1764 1403 1827 1458 dum

1020 1486 1114 1540 valant
1136 1503 1186 1541 nos
1211 1489 1357 1544 excludere
1381 1490 1415 1543 ab
1436 1490 1558 1545 oratione
1582 1491 1826 1561 perseverantibus

1020 1575 1099 1629 nobis
1117 1594 1122 1628 :
1139 1584 1203 1631 tunc
1218 1576 1297 1630 lesus
1314 1585 1388 1631 stans
1411 1594 1489 1633 secus
1505 1594 1556 1633 aas
1574 1597 1581 1632 ε
1599 1587 1674 1634 ειετε
1697 1578 1769 1634 εείτε
1784 1580 1825 1634 di-

1022 1663 1138 1717 rinitatis
1154 1673 1211 1728 est;
1229 1666 1343 1719 transire
1364 1682 1428 1720 vero
1450 1667 1624 1722 humanitatis
1638 1676 1682 1722 εει
1699 1685 1706 1721 :
1721 1684 1824 1739 praecc-

1022 1752 1060 1823 pit
1076 1753 1137 1806 illos
1154 1768 1261 1818 roeare,
1279 1754 1306 1808 id
1321 1763 1361 1808 est
1377 1771 1426 1825 per
1447 1756 1673 1826 praedicationem
1688 1757 1826 1828 apostole-

1023 1857 1082 1895 rum
1099 1859 1105 1894 :
1124 1842 1206 1896 l'oeat
1227 1851 1323 1914 gentes
1347 1843 1381 1897 ad
1405 1842 1486 1898 tidem
1504 1845 1641 1915 :projecit
1667 1846 1825 1901 vestimenta

1023 1946 1082 1995 sna,
1113 1930 1139 1984 id
1164 1939 1204 1984 est
1226 1931 1368 2002 pristinam
1390 1933 1625 1988 conversationem
1650 1950 1728 1989 suam
1746 1952 1753 1988 τ
1770 1935 1825 1990 exi-

1022 2019 1101 2082 liens
1120 2019 1145 2073 id
1161 2029 1201 2074 est
1210 2020 1243 2073 de
1255 2021 1453 2092 ignorantiaad
1470 2022 1611 2077 scientiam
1621 2022 1658 2077 de
1670 2022 1825 2080 infidelitate

1023 2109 1057 2163 ad
1073 2107 1154 2162 fidem
1172 2127 1178 2162 :
1194 2110 1337 2163 invenictis
1352 2111 1453 2180 pullum
1469 2111 1609 2181 alligatum
1625 2112 1747 2166 ostendit
1762 2129 1825 2185 gen·

1023 2205 1063 2251 tes
1085 2197 1219 2270 alligatas,
1243 2214 1305 2253 cum
1328 2199 1408 2268 culpa
1431 2208 1602 2270 peccatoram
1620 2218 1626 2253 :
1646 2217 1734 2271 super
1748 2218 1826 2272 quern

1023 2302 1102 2341 nemo
1118 2287 1195 2348 sedit,
1213 2287 1240 2340 id
1256 2295 1296 2341 est
1311 2288 1356 2341 abi
1371 2287 1461 2342 nullus
1476 2289 1572 2343 doctor
1587 2290 1826 2359 praedicavitmol-

1022 2374 1074 2429 vite
1086 2382 1111 2428 et
1126 2374 1249 2429 adducite
1264 2376 1297 2429 ad
1311 2392 1363 2440 me,
1381 2376 1408 2429 id
1424 2385 1465 2430 est
1480 2392 1531 2446 per
1541 2378 1770 2447 praedicationem
1779 2378 1825 2432 ad-

1022 2463 1110 2517 ducite
1135 2464 1169 2518 ad
1194 2461 1285 2528 sidem,
1310 2464 1376 2519 vidit
1397 2465 1522 2519 arborem
1546 2464 1599 2533 tici,
1624 2467 1747 2523 ostendit
1767 2466 1825 2540 quia

1022 2551 1104 2622 longe
1118 2560 1177 2605 erat
1194 2550 1261 2606 tides
1275 2553 1431 2607 iudaeorum
1446 2568 1463 2607 a
1478 2554 1596 2609 Christo.

1056 2685 1116 2739 lton
1132 2688 1193 2739 erat
1208 2688 1319 2756 ternpus
1333 2685 1462 2753 ficorum,
1478 2684 1505 2739 id
1521 2694 1561 2740 est
1577 2700 1633 2741 non
1649 2692 1707 2740 erat
1719 2693 1823 2757 tempus

1020 2772 1175 2827 Juaaeornm
1191 2781 1219 2826 ut
1234 2772 1386 2838 crederent,
1411 2774 1483 2846 quod
1499 2790 1529 2828 se
1548 2774 1664 2848 indigne
1683 2775 1824 2844 judicave-

1020 2868 1092 2927 rant,
1110 2877 1225 2933 regnum
1241 2876 1294 2916 noa
1311 2861 1414 2916 sciebat
1438 2877 1488 2917 vas
1510 2861 1660 2918 transferre
1681 2879 1734 2935 per
1756 2872 1823 2919 tern-

168 2972 338 3043 metipsum:
356 2972 519 3027 hicvidetur
541 2973 594 3026 (luo
616 2971 744 3024 miracala
768 2969 865 3024 iecisse
879 2969 968 3032 iesus,
1019 2950 1104 3020 plum,
1121 2949 1167 3020 qui
1187 2950 1268 3006 ⁰⁰st¹³
1291 2947 1411 3005 fidelium
1429 2968 1435 3004 ²
1452 2951 1585 3006 N⁰1¹V1¹ll
1606 2951 1735 3006 Christus
1754 2951 1824 3007 allud

167 3061 333 3116 admmonio
349 3061 451 3116 curavit
466 3069 492 3114 et
507 3060 583 3130 quasi
599 3067 733 3113 mortuum
752 3056 890 3112 suscitavit
906 3073 912 3110 :
929 3056 1004 3143 sies,
1021 3036 1080 3093 fieri
1093 3055 1170 3109 ⁰P¹¹⁸2
1188 3038 1229 3092 l'el
1245 3038 1361 3093 ll³¹¹Sls⁰
1375 3039 1427 3093 fllSl
1441 3039 1514 3110 ‘lUOd
1535 3048 1660 3095 ⁸³¹¹⁰l¹¹¹¹¹
1673 3048 1716 3095 0⁸²
1732 3057 1740 3094 ἲ
1757 3039 1825 3098 lffldl

165 3150 306 3204 suscitavit
335 3165 421 3220 genas
452 3149 598 3201 hamanum
627 3164 641 3200 a
670 3156 755 3201 morte
783 3154 965 3216 peccatorum,
988 3126 1004 3151 ³
1024 3127 1313 3193 ⁰8m001011lstld0⁵l
1334 3128 1471 3183 ⁰U⁵¹⁰dlle
1494 3128 1759 3199 ¹08⁰m²l0f⁰¹¹l³r2
1774 3129 1824 3184 ¹1⁰⁶

168 3245 195 3292 et
211 3237 333 3291 liberavit
348 3253 363 3289 a
379 3236 514 3290 daemonio
530 3235 678 3301 servitutis,
696 3251 746 3305 ρετ
761 3235 859 3288 molam
874 3234 975 3289 circuit
1023 3224 1064 3270 ⁸⁸¹
1079 3216 1208 3286 templum
1224 3216 1380 3270 sal⁰¹¹¹0¹¹l⁸
1392 3234 1399 3270 ²
1411 3216 1496 3271 Mller
1510 3216 1629 3271 ⁰⁵le¹¹dll
1644 3217 1823 3288 martyrium

166 3332 209 3380 tus
225 3325 317 3380 saculi
332 3325 485 3379 ostenditur
502 3342 508 3379 :
525 3341 574 3395 per
589 3324 693 3379 asinum
717 3323 889 3378 immunditia
904 3338 970 3393 pec·
1022 3304 1101 3359 Vfflll
1111 3305 1144 3358 ad
1158 3319 1326 3376 ⁵l'¹¹³808³m
1336 3323 1343 3369 3
1355 3321 1497 3377 Stfl³g⁰g³
1513 3320 1587 3376 ⁸5⁹1)e
1601 3305 1731 3361 0⁰⁸¹0dl³
1741 3321 1822 3379 ³⁰80·

170 3421 304 3469 catorum.

208 3547 329 3618 llerpere
344 3547 376 3601 ia
390 3564 478 3613 mare,
491 3547 518 3601 id
527 3555 568 3601 est
580 3545 719 3600 humiliare
728 3562 757 3600 se
766 3545 792 3598 in
804 3544 912 3600 sacculo
922 3559 972 3613 per

170 3636 355 3707 poeaitentiam
372 3636 414 3690 vel
429 3636 519 3706 perire
535 3636 561 3689 in
578 3635 706 3706 properio
719 3632 921 3705 peccat01quia
935 3632 971 3687 le·

167 3723 227 3779 vias
241 3733 283 3779 est
297 3741 346 3795 pre
372 3741 401 3778 se
416 3725 475 3779 sola
489 3740 600 3795 paenam
623 3725 768 3788 sustinere,
783 3738 865 3793 qnam
882 3730 907 3776 et
923 3720 969 3775 alii

168 3828 285 3887 aregno
307 3814 357 3869 Dei
381 3813 534 3868 disturbent
550 3832 556 3867 :
572 3830 623 3883 per
646 3829 753 3867 vermes
778 3811 895 3867 ostendit
908 3824 969 3864 sera

168 3902 341 3975 poenitentes,
359 3919 466 3972 semper
480 3903 597 3958 comedit
612 3902 687 3956 illum
700 3902 726 3957 in
737 3916 819 3972 piena
830 3899 893 3971 quia
904 3901 968 3953 dnm

170 3991 287 4061 spatium
301 3991 393 4045 habuit
409 4008 462 4045 non
478 3992 642 4056 emendavit,
659 3991 746 4045 omnis
762 3990 825 4062 igne
840 3988 967 4043 salietur:

168 4079 322 4152 perignem
339 4080 465 4135 accensio
480 4080 596 4151 Spiritus
612 4078 696 4135 sancti
718 4077 885 4148 intelligitur,
906 4077 969 4148 quia

165 4167 233 4224 sicut
246 4167 335 4223 omnis
350 4184 414 4222 caro
429 4167 510 4239 periit
531 4168 589 4222 sine
615 4167 663 4233 sal,
681 4167 717 4220 ita
734 4174 759 4221 et
774 4165 861 4220 omnis
886 4166 967 4220 homo

165 4256 224 4313 sine
238 4256 353 4313 seientia
370 4257 448 4311 uerbi
472 4257 521 4311 Dei
543 4256 687 4311 infatuetur
703 4274 709 4308 :
725 4255 823 4309 habete
839 4254 924 4308 salem
939 4253 967 4308 in

1022 3392 1110 3448 lorum
1127 3410 1133 3446 z
1151 3401 1262 3457 turrem,
1286 3393 1338 3448 hoc
1357 3402 1398 3448 est
1415 3393 1457 3448 lex
1474 3410 1480 3446 :
1498 3394 1639 3462 ejecerunt
1664 3410 1728 3450 eum
1752 3402 1824 3449 extra

1021 3481 1139 3547 vineam,
1157 3482 1183 3535 id
1198 3481 1282 3537 estde
1292 3481 1392 3536 Jadaeis
1403 3482 1437 3536 ad
1448 3490 1554 3553 gentes.
1571 3482 1661 3538 Aliter
1669 3482 1705 3538 de
1715 3482 1821 3540 civitate

1020 3569 1181 3625 Jerosolima
1197 3570 1223 3624 in
1240 3577 1358 3625 montem
1374 3569 1513 3626 Calvariae.

1060 3685 1144 3740 l'idua
1159 3685 1239 3740 arisit
1253 3686 1321 3741 duos
1329 3700 1469 3752 numeror,
1480 3684 1553 3757 quod
1562 3692 1604 3740 est
1615 3678 1766 3757 quadrans,
1776 3701 1822 3758 per

1021 3787 1089 3845 quos
1104 3772 1228 3843 intelligit
1243 3773 1381 3828 hominem
1396 3773 1576 3845 quadrantem
1592 3773 1638 3844 qui
1654 3790 1684 3829 se
1701 3774 1760 3830 Deo
1773 3775 1820 3830 ob·

1010 3858 1079 3916 'tulit
1096 3879 1102 3914 :
1120 3876 1300 3933 qaaecumque
1321 3861 1463 3932 petieritis,
1487 3862 1630 3918 credentes
1646 3862 1674 3916 in
1688 3862 1818 3931 oratione,

1019 3947 1064 4004 fiet
1085 3949 1162 4003 vobis
1180 3967 1185 4001 :
1203 3950 1340 4020 quomodo
1365 3951 1402 4005 sic
1425 3957 1533 4005 sanctus
1557 3950 1658 4005 Paulas
1678 3951 1746 4006 dicit
1761 3969 1769 4005 :
1784 3959 1820 4006 ter

1020 4037 1115 4111 rogari
1129 4037 1275 4092 Dominum
1290 4054 1339 4109 pro
1355 4037 1463 4093 stimulo
1478 4047 1504 4094 et
1519 4054 1574 4093 non
1595 4040 1714 4094 recessit
1728 4055 1745 4094 a
1758 4055 1819 4095 me:

1019 4125 1144 4180 diabolus
1166 4125 1243 4197 petiit
1264 4135 1292 4180 ut
1314 4134 1457 4198 temptaret
1479 4127 1539 4191 Job,
1563 4133 1589 4181 et
1610 4128 1740 4198 permisit
1764 4142 1820 4184 eum

1018 4215 1109 4281 Deus3
1123 4214 1221 4268 Paulus
1236 4230 1289 4269 non
1305 4222 1347 4270 εει
1361 4215 1511 4282 exauditus,
1522 4223 1550 4269 ut
1558 4231 1608 4286 per
1621 4215 1715 4287 ipsum
1731 4217 1820 4272 sumu·

1017 4303 1074 4358 lum
1102 4311 1302 4359 coronaretur:
1320 4303 1445 4359 diabolus
1474 4303 1614 4358 exauditus
1646 4313 1699 4371 εει,
1720 4313 1749 4360 ut
1776 4319 1820 4376 per

164 4346 251 4408 vobis,
269 4347 294 4400 id
310 4355 351 4400 est
371 4347 473 4400 habete
495 4345 656 4416 sapientiam
675 4344 724 4400 Dei
739 4344 766 4397 in
783 4342 969 4398 vebiszlleni
1035 4393 1040 4404 ,
1213 4393 1218 4402 ,
1664 4392 1670 4404 ,

165 4435 192 4489 in
205 4434 305 4489 tinibus
318 4434 403 4500 ludae,
420 4434 538 4490 ostendit
562 4434 589 4488 in
613 4432 732 4489 laturam
746 4447 870 4488 reversos
883 4431 917 4486 ad
932 4430 1003 4507 fi-1)
1018 4408 1076 4462 ⁰³⁰⁵
1100 4399 1288 4463 [emplalmnes
1309 4392 1360 4447 J⁰b
1390 4401 1568 4448 0οΓοωῖθωῖ
1584 4410 1591 4446 ³
1607 4392 1730 4463 pr⁰¹⁰de
1754 4395 1820 4465 ΑΨ

161 4524 223 4579 dem
238 4523 337 4579 Christi
352 4524 462 4579 Judaeos
1019 4480 1104 4536 stolus
1126 4481 1172 4545 ait,
1197 4481 1335 4536 nescimus
1356 4481 1421 4553 quid
1446 4489 1580 4551 petamus,
1609 4480 1664 4536 nisi
1685 4482 1820 4537 Christum

466 4566 471 4577 '
1018 4570 1064 4642 qui
1080 4569 1234 4641 interpellat
1249 4569 1391 4641 pronubis
1408 4589 1414 4623 :
1430 4586 1499 4642 gens
1514 4570 1648 4626 adversus
1662 4579 1785 4644 gentem,
1795 4568 1819 4624 id

198 4660 447 4729 Ultratordaaem,
460 4658 487 4714 id
508 4667 549 4714 est
559 4659 593 4713 ad
609 4657 725 4731 gratiam
733 4657 860 4728 baptismi
871 4675 877 4711 ε
889 4656 969 4713 sinite
1019 4666 1061 4714 εει
1082 4675 1251 4730 paganorum
1272 4658 1404 4714 adversus
1429 4657 1646 4714 Christianorum
1664 4677 1671 4713 :
1688 4659 1821 4715 ltorahter

160 4749 291 4821 parvulos
306 4748 398 4803 venire
413 4748 448 4802 ad
463 4764 518 4817 me,
543 4749 589 4803 hic
616 4748 719 4818 parvuli
740 4755 832 4802 tenent
853 4745 970 4819 figuram
1018 4764 1085 4803 caro
1100 4748 1231 4802 adversus
1245 4747 1362 4802 animam
1378 4765 1384 4802 :
1401 4763 1517 4820 regnum
1539 4746 1640 4802 diaboli
1665 4756 1762 4804 contra
1776 4762 1818 4802 re·

160 4838 282 4910 gentium
308 4856 314 4892 :
338 4836 470 4908 discipuli
493 4837 540 4909 qui
562 4837 752 4909 prohibebant,
783 4836 898 4909 liguram
928 4843 970 4891 te·
1019 4853 1103 4910 gnum
1119 4835 1228 4902 Christi,
1246 4836 1310 4891 vitia
1334 4836 1425 4891 carnis
1446 4836 1578 4892 adversus
1603 4835 1732 4907 spiritum
1748 4837 1820 4892 bonae

160 4935 225 4980 neat
252 4927 425 4996 iudaeorum,
459 4925 579 4981 camelos
603 4942 654 4996 ρετ
681 4923 804 4981 toramen
826 4941 891 4981 acus
915 4941 970 4980 non
1019 4924 1206 4996 operationis:
1224 4932 1303 4981 terrae
1317 4933 1416 4992 motus,
1433 4923 1460 4978 id
1475 4933 1517 4979 est
1532 4922 1819 4980 deinfidehtateadti·

161 5021 254 5083 posset
269 5015 394 5084 transire,
411 5015 463 5069 nisi
478 5013 617 5085 depositis
632 5014 771 5079 oneribus,
789 5014 828 5070 sic
844 5022 869 5070 et
884 5013 971 5070 Judaei
1020 5015 1093 5082 dem,
1110 5012 1136 5068 id
1152 5022 1193 5068 est
1208 5029 1307 5084 corpus
1321 5013 1379 5070 sive
1389 5013 1477 5067 anima
1492 5012 1621 5068 audiendi
1631 5014 1748 5069 verbum
1755 5012 1816 5070 Dei:

161 5099 214 5154 nisi
235 5100 358 5171 deposita
381 5119 466 5158 onera
490 5112 683 5175 peccatorum,
707 5103 764 5158 sive
785 5103 892 5158 divitias
916 5118 971 5158 non
1020 5101 1154 5158 stantibus
1169 5110 1282 5174 propter
1296 5119 1339 5157 me
1354 5102 1382 5157 in
1396 5102 1579 5158 testimoniam
1604 5102 1669 5168 illis,
1693 5102 1722 5158 id
1745 5111 1785 5159 est
1798 5100 1818 5156 si

158 5197 275 5262 possunt
298 5188 400 5246 intrare
424 5192 451 5246 in
467 5209 584 5265 regnum
608 5193 657 5248 Dei
674 5211 680 5246 τ
697 5192 762 5264 quid
777 5192 903 5264 relinquit
915 5193 970 5247 Pe·
1020 5192 1183 5249 crediderint
1198 5192 1380 5247 testimenium
1396 5200 1517 5247 vestmm
1531 5209 1537 5245 :
1550 5191 1602 5246 erit
1615 5191 1715 5247 illisad
1728 5192 1817 5256 vitant,

160 5287 217 5335 trus
231 5277 278 5351 qui
293 5277 381 5332 dixit:
401 5295 451 5334 nos
468 5281 559 5336 omnia
575 5281 762 5354 relinquimus,
780 5281 898 5336 ostendit
907 5281 972 5352 quia
1021 5280 1072 5335 etsi
1087 5296 1141 5334 non
1156 5280 1322 5336 crediderint
1336 5281 1389 5335 erit
1403 5280 1457 5334 illis
1471 5280 1505 5335 ad
1519 5295 1640 5351 paenam.

162 5368 277 5423 multum
306 5366 434 5440 relinquit
457 5370 547 5437 homo,
564 5372 609 5441 qai
626 5371 801 5442 semetipsum
822 5370 969 5441 postponit,
1057 5370 1191 5425 Dedicat
1207 5371 1276 5426 hora
1291 5369 1628 5440 atcanaacitrNisipater,
1645 5370 1766 5426 ostendit
1775 5383 1819 5441 pro

159 5459 297 5530 praecedat
312 5473 370 5523 εοε,
387 5458 414 5512 id
430 5467 471 5513 est
484 5460 631 5528 pracedat
646 5476 712 5515 oves
728 5477 791 5516 snas
814 5460 970 5530 exemplis:
1022 5466 1096 5529 parte
1120 5459 1254 5528 corporis,
1278 5460 1342 5530 quia
1367 5472 1465 5528 corpus
1488 5457 1588 5514 Christi
1609 5458 1737 5515 Ecclesia
1758 5466 1818 5515 est:

159 5562 209 5618 per
232 5549 356 5614 calicem,
388 5546 507 5602 ostendit
535 5548 710 5617 passionem,
736 5567 786 5620 per
808 5551 972 5621 baptismum
1022 5547 1095 5619 quod
1111 5548 1175 5603 dicit
1191 5547 1302 5603 nescitis
1317 5555 1433 5619 tempus
1450 5546 1478 5603 id
1492 5555 1535 5602 εει
1544 5547 1822 5619 exitumuniuscujus·

163 5635 400 5694 mortificationem
410 5635 468 5694 sive
485 5635 720 5693 dormitationem
735 5639 867 5695 Ecclesia
885 5658 891 5693 :
907 5640 978 5695 sieut
1024 5651 1077 5708 que
1092 5636 1149 5693 sive
1163 5637 1424 5693 consummationem
1440 5635 1542 5693 snauh
