3772 6112
126 282 178 336 aaa
374 263 577 336 waramum
596 275 718 333 srnaar
736 267 835 331 roan.
856 270 943 328 uorr.
963 269 1041 328 ora.
1060 272 1149 329 rins
1168 272 1189 327 1.
1210 301 1245 313 -
1262 258 1499 328 resococrci.
1718 269 1768 324 too

128 402 312 461 testimonium
326 402 389 459 huic
395 401 564 474 perhibebat,
577 399 656 472 quasi
665 415 715 471 per
724 398 865 456 lucernam
873 395 958 457 ueA
971 395 1053 452 corde
1070 415 1077 462 ;
1093 397 1243 453 secundnm
1257 396 1285 450 in
1308 403 1397 466 porta,
1429 396 1457 450 id
1471 403 1513 450 est
1527 394 1555 448 in
1569 410 1619 450 ore
1635 412 1643 459 ς
1661 393 1769 449 tertium

127 492 235 548 niamus
250 492 285 547 ad
299 490 382 546 diem.
972 482 1001 538 in
1014 493 1199 550 monumento,
1226 484 1255 539 id
1283 491 1324 538 est
1352 484 1379 538 in
1408 499 1492 554 opere
1518 473 1771 539 et'oonsuetudine

431 576 543 633 CAPUT
554 576 602 630 xl.
972 572 1115 643 peccandi.
1136 574 1219 630 Vivet.
1237 573 1272 627 Ut
1282 571 1350 628 vivit
1378 571 1526 637 Abraham,
1538 570 1618 626 Isaac
1632 577 1661 626 et
1674 569 1768 636 Jacob,

162 685 247 741 pm,
265 688 291 740 q,
307 715 342 725 -
366 687 435 740 prag
463 687 570 738 autem,
597 681 668 736 pum
694 688 818 737 moratu,
846 689 922 736 trans
972 676 1088 732 quorum
1102 662 1176 716 Deus
1191 659 1291 716 dieitur
1305 659 1374 716 sicut
1388 659 1522 715 vivorum.
1553 658 1677 715 Credens
1691 658 1768 713 etiam

129 772 287 839 Jordmen„
303 769 456 826 infimam,
484 770 612 840 Imm„
629 776 656 824 e,
678 768 787 823 mmm„
814 768 848 823 ,d
861 784 922 824 em„
972 755 1094 804 mortuus
1108 748 1183 815 vivit,
1200 747 1269 804 sicut
1283 763 1339 804 non
1354 747 1469 804 credens
1493 747 1574 803 etiam
1589 747 1688 803 vivens
1697 760 1770 802 mor-

127 875 236 917 sorores
250 860 327 915 illuc.
347 859 408 914 lstae
423 873 534 913 sorores
554 855 648 912 Lazari
676 854 767 928 ligura
794 863 856 911 sunt
875 857 922 911 Ju-
972 841 1033 892 444444
1047 844 1098 891 444·

125 948 247 1004 deorum
262 947 290 1002 in
304 954 406 1002 aeterna
421 944 586 1001 beatitudine
597 945 653 1013 iam
664 951 845 1015 receptorum,
876 944 922 1015 qni
1007 925 1092 981 444444·
1109 927 1153 982 44·
1170 955 1204 965 -
1219 925 1348 982 Silentia.
1375 923 1443 993 Quifl
1472 922 1496 979 44
1522 922 1665 979 4444444114
1686 921 1771 1021 4114444

124 1052 176 1109 pro
190 1035 273 1091 fratre
289 1034 419 1100 sanando,
444 1033 472 1088 id
496 1041 539 1089 est
561 1048 611 1104 pro
625 1031 724 1108 aliquis
750 1031 779 1087 in
801 1031 922 1088 tenebris
971 1027 1032 1068 44444
1043 1020 1169 1110 44444444
1184 1011 1269 1110 4444444
1284 1028 1301 1069 4
1319 1014 1395 1079 Jesu·
1421 1028 1477 1068 ¹¹⁰⁰
1495 1018 1666 1084 5444444444,
1694 1021 1722 1067 44
1735 1019 1770 1066 444

125 1123 287 1196 ignorantiae
301 1123 391 1179 adhuc
402 1121 566 1189 errantibus,
589 1119 706 1177 Domino
721 1119 873 1191 supplicant
888 1137 921 1177 ex
970 1114 1026 1156 44444
1039 1101 1162 1156 4444444444
1176 1101 1345 1157 4444444444·
1372 1099 1425 1156 sed
1449 1101 1698 1172 quia'pntaverunt
1725 1116 1770 1156 444

125 1212 267 1268 notissima
282 1210 398 1268 actione,
414 1212 565 1283 pamm,
574 1211 710 1266 pamm„
721 1209 837 1264 Lazarus
847 1207 921 1282 flgu,
971 1189 1005 1243 ad
1015 1189 1169 1260 sepulcrum
1184 1188 1277 1245 fratris
1287 1189 1381 1259 ituras,
1392 1189 1478 1246 secuti
1494 1197 1565 1244 sunt
1581 1191 1617 1245 tt
1640 1193 1767 1246 ooccttc.

102 1286 105 1295 ⁴
124 1315 154 1355 ,a
169 1308 211 1355 θεῖ
225 1300 382 1355 Judaeomm
397 1300 444 1371 quq
470 1296 570 1353 infirmi
592 1305 670 1353 eram
684 1296 713 1351 in
733 1295 786 1352 fide
801 1296 919 1352 chrispi,
971 1276 1057 1332 Causa
1071 1277 1214 1333 brevitatis
1229 1278 1257 1332 in
1272 1277 1364 1334 verbis
1374 1278 1486 1333 llartbae
1493 1277 1612 1333 ostendit
1626 1292 1683 1334 non
1696 1277 1770 1348 prius
1837 1342 1841 1349 ¹

124 1388 229 1444 Martha
243 1395 270 1443 et
285 1387 370 1443 llario
384 1385 540 1459 significant
554 1384 707 1442 doctrinam
722 1385 856 1441 bonorum
869 1386 920 1440 tu·
971 1365 1088 1431 44444441
1104 1365 1132 1420 444
1147 1365 1269 1437 estquod
1283 1365 1543 1422 44444444414444
1557 1365 1709 1423 1444114144·

123 1476 256 1533 deorum.
1006 1481 1091 1536 Vsus.
1110 1483 1154 1535 3l.
1175 1511 1210 1521 -
1224 1481 1322 1538 Secutz'
1342 1485 1419 1537 sant.
1451 1481 1515 1538 llaec
1523 1480 1586 1537 ideo
1599 1479 1771 1552 evangelista

158 1564 244 1620 Vnns.
260 1568 287 1619 3.
303 1593 338 1605 -
351 1565 511 1635 Docaqacna
526 1579 616 1629 amos,
633 1570 685 1619 etc.
712 1562 839 1628 Lazarus,
869 1577 920 1634 per
971 1583 1081 1625 narrare
1095 1569 1210 1635 curavit,
1226 1577 1256 1624 ut
1270 1569 1485 1642 videamusque
1507 1568 1615 1626 occasio
1631 1568 1769 1626 leceritnt

124 1667 206 1725 quern
219 1659 350 1723 peccator
364 1649 545 1724 significatur,
571 1650 618 1723 qui
632 1666 648 1706 a
660 1649 777 1706 Domino
800 1657 918 1721 amatur,
970 1656 1062 1729 plures
1072 1657 1183 1714 haberet
1197 1665 1281 1714 testes
1297 1657 1464 1714 resurrectio
1478 1657 1662 1729 quatriduani.

123 1740 255 1813 quianon
269 1740 343 1796 venit
356 1755 457 1796 vocare
467 1739 565 1808 justos,
581 1739 631 1796 sed
644 1746 815 1810 peccatores.
835 1739 955 1809 Sero-B
1006 1763 1092 1818 qm
1108 1764 1362 1835 330-1„s„„„,·2
1378 1765 1491 1836 ,pm
1504 1763 1766 1835 pompooesmem,

123 1829 345 1929 44419444444444
367 1836 430 1927 4444
459 1828 538 1884 4444
566 1827 757 1901 4084444444»
787 1843 847 1899 (1444
866 1842 917 1899 pro
970 1850 1032 1922 lpse
1048 1849 1157 1906 tremuit
1172 1852 1329 1908 etturbavit
1352 1868 1392 1920 se,
1410 1867 1490 1923 quem
1506 1851 1575 1907 alius
1590 1853 1701 1909 turbare
1716 1870 1770 1910 non

123 1926 245 1990 44444444
260 1917 443 1973 (4444444444
457 1923 546 2019 44444·
566 2007 571 2017 Ι
894 2004 899 2015 ¹
967 1938 1062 2010 potuit,
1079 1939 1148 1995 sicut
1174 1940 1267 1996 omnia
1281 1939 1437 2009 huiusmodi
1451 1940 1580 2012 suscepit,
1598 1940 1766 2012 quiaroluit.

155 2003 917 2104 4444·4-4444944444444414444444414484044·
969 2025 1110 2098 Significat
1133 2035 1223 2084 autem
1247 2035 1379 2100 quantum
1403 2029 1485 2085 homo
1512 2029 1617 2084 turbari
1658 2031 1767 2100 debeat,

121 2095 219 2151 tlcatur
234 2095 318 2150 Fdrus
332 2094 392 2149 Der.
408 2094 480 2149 Ecca
494 2109 524 2148 se
539 2093 626 2148 Deum
650 2092 726 2162 dicit,
749 2100 843 2149 contra
857 2092 918 2148 illos
964 2130 1077 2186 pressu,
1092 2123 1168 2171 „ma
1182 2116 1252 2172 moq,
1288 2118 1404 2188 pecati,
1430 2116 1547 2186 Qum„
1562 2125 1653 2174 ,utem
1668 2133 1766 2190 pm,

121 2181 698 2283 4144(444444444444444444444444444444444·
787 2268 793 2279 ,
968 2210 1012 2259 tor
1025 2211 1186 2275 computans
1210 2221 1270 2277 quae
1297 2205 1367 2261 bona
1390 2206 1441 2261 Dei
1469 2207 1584 2277 accepit,
1609 2225 1672 2280 quae
1697 2208 1767 2264 mala

156 2271 240 2327 44414·
253 2273 279 2325 5·
290 2300 325 2311 ··
339 2269 489 2341 4444494444·
500 2268 638 2341 4444484444
653 2269 841 2342 4448444444
856 2269 917 2325 544·
967 2292 1099 2360 reddidit,
1116 2291 1205 2348 [remit
1221 2293 1249 2347 in
1265 2293 1363 2364 spiritu
1373 2303 1400 2350 et
1414 2294 1557 2350 turbatur:
1572 2296 1699 2353 Christus
1714 2297 1767 2353 ire·

118 2367 196 2416 rator
209 2367 236 2415 et
249 2364 421 2415 mortuorum
445 2356 591 2414 suscitator
614 2357 754 2427 Lazarum,
770 2357 834 2428 quia
858 2357 918 2413 lan·
967 2381 1017 2436 mit
1033 2381 1062 2435 in
1078 2396 1112 2436 ,0
1127 2388 1153 2436 e,
1168 2381 1299 2448 ,umatum
1316 2382 1378 2454 qui,
1393 2382 1462 2438 fides
1482 2384 1517 2440 de
1540 2384 1660 2452 cmm,
1677 2386 1766 2442 Chri&

117 2463 207 2522 84444
222 2453 390 2503 4444444444·
505 2535 509 2545 ¹
757 2534 762 2544 Ι
967 2477 1010 2525 tus
1023 2477 1065 2524 est
1080 2469 1108 2523 in
1123 2469 1215 2526 corde.
1241 2470 1344 2526 Fremit
1358 2487 1424 2528 vero
1446 2471 1515 2529 fides
1535 2473 1564 2529 in
1578 2474 1691 2531 homine
1704 2475 1766 2530 dum

155 2537 241 2592 Vens.
254 2537 280 2590 6.
298 2565 333 2575 -
347 2532 456 2590 Daobrn
480 2533 589 2590 diebos.
617 2534 652 2589 Ut
674 2534 847 2605 quatriduum
863 2534 916 2590 irrr-
966 2558 1001 2614 de
1016 2557 1136 2629 peccatis
1152 2557 1321 2630 incoepatse·

116 2624 241 2697 pleretur.
258 2624 348 2678 Prima
358 2622 431 2679 enirn
445 2621 490 2677 die
504 2622 714 2694 quonuntiatum
731 2630 772 2677 est
791 2623 826 2689 ei,
840 2638 916 2679 mor-

117 2721 230 2769 tunsest
244 2711 392 2785 languidus
414 2719 489 2765 trans
510 2709 656 2765 Iordanem
674 2726 745 2781 :per
764 2711 833 2768 duos
856 2711 916 2767 dies

114 2801 222 2866 mansit,
238 2816 303 2856 ecce
318 2808 374 2854 tres
391 2817 398 2853 :
415 2806 513 2871 quarto
527 2806 618 2854 autem
631 2798 676 2854 die
691 2799 777 2854 venit.

1001 2655 1089 2711 Vsus.
1105 2657 1149 2712 34.
1165 2683 1198 2696 -
1216 2656 1264 2714 Dln'
1274 2658 1410 2729 posuistis
1425 2675 1491 2715 eam
1508 2657 1587 2729 thi
1595 2660 1698 2716 absens
1713 2662 1766 2718 sci·

965 2743 1003 2800 rit
1018 2752 1166 2811 mortuum,
1178 2743 1231 2800 scit
1244 2751 1271 2800 et
1283 2744 1329 2799 ubi
1344 2745 1380 2801 sit
1394 2747 1526 2818 sepultus,
1543 2749 1592 2804 sed
1607 2748 1648 2806 sic
1660 2750 1766 2817 dicens,

965 2848 996 2888 se
1007 2831 1085 2904 quasi
1099 2830 1207 2888 nescire
1220 2833 1357 2903 perditum
1365 2835 1503 2891 hominem
1528 2834 1665 2908 significat
1677 2857 1685 2905 ;
1696 2839 1769 2895 unde

151 2891 237 2946 vm·
252 2891 321 2988 T·-
337 2885 916 2987 444444444444444444·4444444048444444444
964 2920 1090 2976 dieitur:
1116 2920 1178 2976 Non
1203 2923 1268 2978 noct
1293 2939 1339 2979 vos
1362 2924 1557 2996 (liutbtus).
1580 2925 1639 2981 lit:
1668 2928 1769 2985 Dbiect

115 2976 198 3034 iidem
209 2975 398 3034 redituramad
407 2975 516 3030 ludaeos
522 2990 550 3028 1n
560 2975 613 3029 lino
621 2974 764 3044 perElram
775 2973 913 3031 etEnoch.
965 3008 1054 3065 Adam
1066 3013 1078 3066 3
1090 3009 1100 3080 (

1105 3010 1172 3065 Gen.
1183 3008 1235 3081 ur).

114 3153 260 3212 consilium
276 3153 343 3207 dare
356 3151 488 3223 magistro
502 3166 538 3205 no
551 3157 712 3216 moreretur,
727 3150 830 3206 sicutet
845 3151 911 3206 alibi
927 3106 952 3168 C
961 3114 1289 3260 ditvzzsshgzio'n‘islffi
1298 3118 1766 3285 {zzz’ateoffiffifflafflgffi’

114 3242 233 3297 Petrus:
251 3240 357 3296 licita
373 3244 410 3306 tc,
422 3240 549 3307 Domine,
565 3253 619 3293 non
635 3236 681 3293 fret
695 3237 744 3292 tibi
760 3238 840 3294 istud.
858 3239 912 3295 Sed
962 3290 1057 3346 mma·
1075 3292 1215 3348 moraliter
1230 3310 1237 3346 :
1252 3292 1445 3367 Unusquisque
1459 3305 1590 3367 peccato,
1617 3299 1692 3355 mole
1707 3316 1770 3372 pe,

115 3331 185 3387 sicut
200 3329 296 3384 Petrus
310 3327 435 3381 laudatur
450 3327 484 3381 de
498 3326 588 3381 alieno
604 3345 610 3380 :
628 3329 730 3383 Beatus
758 3343 797 3394 cs,
815 3328 912 3385 Simon

115 3420 246 3490 Rama,
266 3417 332 3488 quia
342 3418 428 3471 Pam
437 3416 572 3471 revelavit
582 3415 642 3481 tibi,
654 3414 777 3485 culpatur
792 3415 826 3470 de
841 3431 911 3470 suo:
962 3383 1085 3474 catorum
1099 3394 1213 3449 pressus
1229 3388 1256 3436 et
1268 3381 1386 3454 sualege
1399 3391 1541 3454 gravatus,
1566 3392 1594 3440 et
1621 3396 1770 3444 consuetu-

113 3507 182 3564 treci
201 3507 265 3577 post
279 3505 462 3570 naasotenu,
488 3503 848 3575 qaiosapisnonqaoeDet,
865 3504 913 3560 scd
960 3464 1236 3567 drnosuamalaJ'arn
1251 3467 1347 3535 444445·
1377 3470 1445 3526 44404
1473 3473 1598 3571 44444444
1627 3477 1770 3533 4110141140

114 3611 176 3668 quoe
186 3593 309 3650 borninis
319 3594 444 3648 santlta
459 3583 680 3662 etlros‘corripuit
694 3591 789 3647 dicens
800 3609 829 3648 se
839 3592 913 3648 diem
961 3562 1055 3652 apfme
1083 3563 1230 3628 4044444444
1246 3574 1253 3610 ²
1271 3573 1412 3655 ,50444441
1445 3567 1627 3659 4484444444
1656 3563 1767 3637 illitum.

113 3683 209 3754 inquo
224 3681 324 3737 debent
333 3679 475 3735 ambulare
489 3677 682 3746 recitandam,
699 3688 725 3735 et
736 3680 794 3736 sine
807 3697 840 3737 eo
855 3698 912 3736 am·
961 3658 1023 3714 qma
1038 3645 1202 3716 qu³⁰d⁰q¹¹²
1216 3653 1339 3717 4044444444
1351 3663 1381 3702 ⁵⁶
1395 3647 1468 3704 444444
1483 3648 1592 3720 44444441
1608 3649 1695 3708 444444·

112 3770 238 3825 bulantes
252 3769 401 3835 offendant,
416 3777 445 3822 ut
459 3769 541 3823 modo
556 3767 680 3823 nolentes
704 3785 766 3823 eum
780 3770 851 3826 mori
866 3771 912 3842 qui
998 3749 1083 3846 444444·
1101 3754 1144 3807 39·
1162 3781 1197 3792 ··
1211 3754 1337 3820 44444444»
1348 3755 1412 3825 jam
1426 3757 1506 3826 44444·
1520 3756 1647 3813 44144444
1662 3768 1771 3818 16111010

111 3874 163 3930 pro
177 3858 333 3914 bominibus
348 3857 421 3912 venit
435 3856 515 3911 mori.
533 3857 597 3911 Illos
606 3865 697 3912 autern
708 3857 773 3913 dicit
783 3874 845 3913 esso
860 3859 912 3914 ho·
961 3834 1149 3935 lapidepotius
1173 3839 1287 3896 44401411]
1308 3842 1430 3910 41444114,
1446 3859 1528 3914 <tuam
1543 3842 1658 3902 fratrem
1673 3865 1769 3906 resus-

113 3962 161 4003 ras
179 3961 239 4018 qnae
253 3946 326 4001 diem
341 3953 499 4016 sequuntur,
511 3961 566 3998 non
580 3943 709 4014 dieseos,
725 3946 774 4001 sed
793 3946 852 4001 dies
866 3962 913 4001 ess
962 3932 1050 3981 444444·

114 4033 258 4089 illuminat.
275 4032 426 4088 Duodecim
441 4040 483 4087 est
511 4040 631 4086 sacratus
646 4048 775 4088 numerus
790 4034 835 4104 qui
845 4051 912 4104 por·
982 4014 1083 4109 ‚vm
1101 4015 1144 4071 44·
1155 4046 1190 4056 “
1206 4017 1259 4073 sed
1272 4023 1385 4090 14444444
1395 4022 1541 4093 1441444444»
1557 4029 1611 4079 444·
1634 4024 1688 4080 His
1701 4043 1767 4083 ver·

113 4128 204 4176 manet
218 4121 316 4192 plenus
331 4136 338 4173 ε
354 4120 460 4189 deiecto
470 4119 541 4175 enirn
571 4119 651 4187 luda,
675 4120 722 4191 qui
736 4136 790 4176 non
804 4122 913 4178 lucebat
961 4099 1004 4154 ¹³¹⁸
1019 4117 1049 4155 44
1065 4101 1180 4172 84444444
1194 4104 1282 4159 4444444
1291 4122 1422 4177 (1444444)
1440 4109 1509 4164 44444
1523 4110 1622 4166 4444444
1632 4115 1768 4185 4144444114

114 4209 186 4266 inq„
201 4207 374 4279 qmstfius
389 4207 563 4279 subrogatur,
961 4189 1089 4244 ostendit.
1104 4191 1175 4245 Nam
1188 4191 1253 4263 quia
1268 4195 1418 4250 secundum
1433 4197 1572 4254 homiuem
1600 4201 1694 4259 minor
1707 4212 1769 4260 erat

150 4299 235 4356 Vens.
252 4301 277 4353 9.
295 4327 329 4337 -
348 4297 446 4355 Nonne
464 4295 611 4351 duodecim
626 4301 694 4352 sant
718 4296 792 4354 borea
806 4298 913 4371 (Hira.)
962 4276 1051 4342 44444·
1070 4278 1232 4350 4440114444
1256 4282 1460 4339 54444444401111111
1486 4287 1590 4354 Lazari,
1607 4296 1636 4344 ct
1656 4290 1722 4348 ideo
1737 4309 1768 4349 se

114 4387 180 4444 Dies
195 4386 327 4453 Christus,
340 4394 367 4441 et
383 4384 463 4440 aliter
477 4383 535 4438 dies
551 4385 675 4454 apostoli,
692 4386 913 4456 quomodoChri-
963 4365 1119 4420 4444444444
1133 4366 1208 4436 4444441
1225 4376 1252 4422 44
1267 4370 1319 4425 4404
1333 4372 1676 4447 Ρ409441441411111144111118,
1686 4381 1768 4438 uisis

113 4483 181 4543 stus,
192 4484 346 4549 etc.,arqoe
356 4474 392 4531 nd
407 4472 459 4545 ipsi
474 4471 660 4543 intelliguntur
669 4473 812 4530 duodecim
826 4490 911 4546 apos·
924 4460 951 4521 D
963 4452 1106 4508 4444444444
1120 4455 1290 4512 4444444444·
1461 4469 1465 4477 ’

114 4563 172 4620 toli.
997 4559 1081 4615 Vens.
1099 4561 1142 4616 ts.
1158 4591 1193 4605 -
1211 4563 1275 4620 Voce
1288 4582 1416 4637 nnoqna.
1444 4568 1573 4639 Fremuit,
1589 4570 1763 4645 lacrymavit,

149 4651 234 4707 Vens.
247 4652 289 4704 15.
307 4681 341 4691 -
358 4653 389 4708 Ut
399 4648 530 4707 credatis.
542 4650 603 4705 Non
616 4650 689 4721 quod
708 4649 790 4706 modo
804 4649 910 4722 incipe·
960 4646 1094 4714 clamarit,
1107 4650 1171 4721 quia
1186 4650 1293 4708 difficile
1309 4655 1395 4725 surgit
1405 4672 1486 4727 quem
1500 4658 1587 4714 moles
1603 4661 1685 4720 malae
1694 4679 1764 4720 con-

113 4745 175 4794 rent
189 4737 313 4804 credere,
330 4738 378 4793 sed
401 4746 430 4793 ut
456 4739 593 4793 robustius
617 4738 768 4794 crederent.
797 4738 910 4810 Semper
960 4732 1112 4791 suetudinis
1125 4739 1234 4808 premit,
1252 4742 1301 4796 sed
1326 4749 1416 4799 tamen
1441 4754 1503 4815 post
1518 4762 1650 4821 magnam
1665 4767 1763 4808 rocem

115 4825 188 4882 enim
200 4824 270 4881 tides
285 4841 382 4881 eorum
396 4824 535 4881 miraculis
550 4826 711 4897 augebatur.
960 4823 1057 4895 surgit,
1073 4825 1101 4879 id
1116 4834 1167 4891 est,
1182 4844 1374 4901 permagnam
1402 4833 1453 4889 Dei
1477 4835 1591 4907 gratiam
1607 4837 1764 4897 vivificaequ-

149 4915 235 4970 Vens.
246 4916 288 4969 l't.
305 4944 339 4954 -
350 4915 505 4969 Dtinoenit
516 4915 622 4985 ,(Αυα.)
636 4914 748 4986 Mystico
764 4933 771 4969 :
788 4915 910 4985 Quatuor
960 4911 1024 4967 daun
1039 4913 1161 4983 paenitet.

114 5009 176 5057 sunt
191 5001 250 5056 dios
264 5000 370 5057 mortis.
385 5000 512 5057 Nascitur
526 5002 618 5072 homo,
631 5011 695 5069 otc,
711 5020 798 5077 osque
809 5005 845 5060 od
859 5006 909 5061 sed
992 4999 1077 5056 rans.
1094 5003 1137 5056 ll.
1154 5034 1188 5047 -
1206 5009 1242 5060 Εἰ
1264 5010 1366 5064 statim
1392 5011 1508 5081 prodiit.
1538 5014 1609 5068 Dum
1632 5025 1762 5087 peccator

113 5105 166 5146 nec
180 5088 249 5145 tales
264 5089 391 5160 relinquit
403 5089 600 5144 misericordia.
959 5089 1116 5157 contemnit,
1132 5092 1253 5162 sepultus
1262 5094 1334 5163 jacet
1346 5116 1352 5162 ;
1377 5100 1487 5169 quando
1500 5101 1623 5171 poenitet,
1645 5106 1736 5180 surgit
1752 5125 1759 5171 ;

148 5178 234 5234 Vens.
249 5181 293 5233 22.
314 5208 349 5216 —
362 5177 414 5232 Sed
424 5181 452 5232 et
462 5194 539 5232 nnnc
549 5178 616 5233 scio.
629 5178 685 5232 lloo
698 5179 765 5245 scio,
780 5180 841 5251 quia
855 5196 908 5252 po·
959 5177 1067 5248 quando
1088 5178 1242 5252 confitetur,
1251 5184 1352 5253 prodit,
1361 5187 1440 5257 quasi
1455 5189 1490 5244 de
1505 5190 1621 5246 occultis
1632 5195 1760 5250 exeundo

149 3066 236 3121 Vens.
250 3068 279 3120 8.
299 3094 334 3105 -
349 3065 456 3120 Dicunt
470 3065 497 3118 ei
513 3063 657 3134 discipuli.
670 3061 777 3128 Territi,
789 3063 913 3119 volentes

112 5273 164 5322 test
179 5265 312 5321 suscitare
327 5264 350 5318 si
374 5263 424 5331 vis,
440 5265 513 5335 quod
536 5272 582 5320 tuo
610 5265 734 5337 relinquo
752 5268 906 5339 arbitrario,
958 5264 1127 5321 manifestus·
1144 5269 1246 5326 Solvite
1273 5288 1349 5329 eum.
1373 5275 1493 5332 Christus
1516 5295 1565 5348 per
1588 5297 1619 5336 se
1639 5281 1760 5340 viviticat

112 5369 167 5411 non
182 5361 273 5409 autem
288 5369 436 5424 praesumo,
453 5367 541 5423 neque
560 5367 628 5424 rogo
651 5362 680 5408 ut
705 5355 830 5423 suscites,
847 5374 907 5428 que
958 5352 1041 5423 intus,
1056 5354 1190 5411 ministris
1204 5358 1294 5414 tribuit
1308 5370 1471 5432 potestatem
1486 5366 1621 5423 solvendi.

110 5442 204 5499 nescio
217 5457 252 5497 an
268 5441 303 5496 sit
317 5440 390 5495 utilis
406 5437 466 5495 irari
475 5439 649 5495 resurrectio.
994 5468 1082 5524 qm,
1102 5472 1182 5525 pq,
1199 5473 1360 5533 credenti„
1375 5494 1449 5534 eum,
1458 5481 1617 5540 gemtem
1626 5487 1757 5545 Romans,

145 5548 230 5604 Vens.
246 5549 291 5606 25.
308 5577 343 5589 -
358 5547 453 5602 Dtiam
463 5546 625 5602 simortaus
635 5548 735 5617 suerit.
754 5548 822 5604 Tres
836 5566 907 5606 mor·
958 5556 993 5611 Et
1007 5556 1071 5627 quia
1085 5558 1240 5617 sentiebant
1254 5562 1405 5621 doctrinam
1423 5567 1481 5637 ejus
1495 5585 1559 5627 esse
1573 5580 1670 5630 contra
1688 5582 1758 5632 tem·

110 5643 172 5694 tuos
197 5635 340 5695 suscitarit
366 5636 456 5704 lesus,
477 5648 560 5688 unuin
588 5632 729 5702 inclamo,
759 5636 786 5693 id
814 5645 857 5693 est
878 5640 908 5694 in
958 5643 1032 5715 plum
1047 5654 1075 5703 et
1083 5654 1212 5718 paternas
1227 5650 1315 5725 leges,
1331 5653 1461 5713 timebant
1470 5673 1505 5714 no
1516 5659 1645 5720 siomnes
1659 5664 1757 5723 crede·
