3772 6112
119 302 171 358 mo
420 296 623 354 wmammr
643 291 765 352 summ
786 288 886 350 auto.
902 286 988 344 uon.
1008 264 1088 345 ora
1100 286 1191 345 raas
1205 286 1226 341 l.
1242 315 1278 328 -
1291 282 1529 343 runonoums.

110 423 194 482 etiarn
208 423 328 480 animam
344 436 427 496 quom
440 437 491 494 pro
505 419 585 476 nobis
599 419 715 490 accepit,
730 415 868 489 ponendo,
885 412 953 474 utA
966 412 1029 485 pori
1045 411 1171 486 regulam
1185 410 1318 477 decernit,
1333 409 1495 482 permittens
1505 407 1657 467 necessaris

110 519 138 570 et
151 528 203 569 nos
217 526 269 585 pro
282 511 402 568 inuicem
416 525 519 582 ponere
533 507 639 564 animas
654 504 802 562 discamus.
963 499 1057 558 donoc
1071 499 1160 572 sopita
1173 507 1383 570 persecutorum
1400 497 1508 555 insania
1526 505 1657 570 tampust

147 610 234 666 Vuae.
246 613 333 667 aa-
343 607 544 665 Permoostatts
555 620 675 662 mecam.
688 600 835 658 infirmitas
853 615 916 656 mea
964 589 1069 645 litandi
1083 588 1192 645 redeat·

112 714 168 755 non
181 695 354 755 conturbavit
368 711 427 763 vos,
449 694 498 749 sed
520 692 549 749 in
573 693 646 749 bono
670 696 761 762 ooepto
783 704 916 761 perseve-
1002 678 1088 734 Vitis·
1102 681 1146 733 36·
1158 706 1194 717 -
1206 677 1259 734 Sed
1271 692 1360 742 vitm,
1377 682 1430 732 0¹⁰·
1447 675 1479 731 ln
1491 675 1546 733 1²00
1560 673 1645 733 nobi!

115 785 206 843 rastis.
220 784 295 842 Siout
303 799 358 858 ego
381 776 917 854 mihiperseverantiusqueadmortem
966 768 1049 823 datur
1073 764 1238 837 exemplum,
1263 772 1292 820 ut
1315 779 1513 836 nonnunquam
1535 762 1658 821 mussi

113 873 188 932 dedit
197 875 279 930 Pater
289 888 393 930 noman
403 871 474 945 quod
484 874 708 943 astraperomoe
717 866 915 938 aomeotl’bit.
968 855 1094 928 quadam
1109 854 1143 909 de
1157 853 1245 909 nostri
1258 852 1392 926 propositi
1406 852 1500 926 rigore
1514 852 1574 908 sine
1587 850 1658 925 uultu

115 963 175 1036 111):
192 961 232 1019 sio
246 968 273 1017 et
287 976 340 1035 ego
355 966 568 1032 perseverantes
594 973 644 1014 vos
654 954 872 1014 mecumducam
882 953 918 1010 ad
967 959 1029 998 mus
1044 942 1234 999 intenuittet'e·
1251 942 1335 998 Verbi
1349 941 1457 1014 mlii:
1477 941 1501 997 ei
1519 957 1572 1014 pet·
1590 939 1658 999 iuba

113 1057 246 1108 aternum
261 1063 388 1123 regnum.
407 1047 620 1122 Intelligendum
633 1054 675 1102 est
687 1044 787 1101 tudam
798 1042 856 1114 jem
870 1059 918 1099 re·
968 1032 1099 1105 r9850¹¹9⁵
1108 1032 1161 1087 iter
1170 1031 1289 1105 agimus,
1300 1029 1381 1102 illm
1390 1029 1482 1087 viatici
1492 1045 1578 1088 0⁸⁰8&
1584 1029 1655 1089 liott

112 1137 242 1206 cessisse,
259 1144 286 1195 et
299 1139 401 1195 multos
421 1136 490 1193 alios
511 1137 569 1207 jam
592 1141 667 1191 retro
690 1133 793 1200 abisse,
816 1131 916 1188 auditis
969 1137 1053 1193 quam
1067 1119 1141 1177 domi
1156 1119 1507 1192 uehementissime
1528 1116 1658 1177 habeti

112 1227 205 1286 verbis
232 1225 516 1299 incomprehensibilis
530 1222 696 1282 sacramenti
724 1220 834 1295 quando
860 1221 920 1278 haec
968 1209 1013 1266 vel
1027 1209 1152 1264 habitum
1166 1223 1286 1274 sumere,
1302 1206 1346 1264 vel
1359 1222 1415 1263 non
1428 1206 1554 1263 habitum
1567 1206 1652 1277 iubet

111 1316 280 1390 loquebatur
296 1314 439 1371 Dominus,
969 1305 1000 1353 ut
1013 1297 1101 1355 sciant
1114 1297 1238 1369 legentes
1256 1311 1313 1353 non
1331 1292 1489 1353 nodatam
1507 1294 1658 1353 mittendi

911 1404 920 1415 ·
969 1385 1121 1457 discipulis,
1138 1386 1188 1442 sed
1201 1399 1324 1441 amorem
1342 1383 1477 1458 magistro
1496 1383 1589 1456 potius
1606 1383 1659 1443 inat

969 1475 1064 1543 tiendi,
1080 1474 1128 1530 ubi
1150 1473 1202 1531 etsi
1224 1473 1300 1529 nulla
1323 1472 1378 1529 alia
1400 1487 1485 1530 causa
1506 1480 1583 1530 esset
1606 1486 1659 1539 eva

970 1563 1102 1638 gladium,
1119 1562 1244 1620 sufficere
1258 1567 1347 1634 potest
1356 1561 1451 1630 illaut,
1464 1568 1659 1634 amputatam

971 1652 1043 1719 cula,
1059 1660 1133 1708 tectu
1148 1650 1256 1707 Domini
1276 1657 1431 1706 sanaretur.
1453 1651 1485 1706 ln
1504 1665 1561 1723 quo
1579 1650 1660 1709 admo

926 1764 954 1826 Β
970 1757 1006 1797 ne
1020 1740 1091 1796 iram
1105 1740 1231 1811 percussi
1244 1738 1438 1807 sustineamus,
1455 1738 1505 1796 sod
1519 1736 1607 1798 tidem
1623 1754 1660 1797 ra

968 1838 1010 1885 tes
1025 1827 1217 1900 suscipiamus.
1653 1832 1660 1843 “

149 1431 236 1488 Vsus.
250 1433 296 1487 ³0.
306 1459 343 1473 -
356 1432 393 1487 Et
406 1429 529 1487 sedeatis
542 1443 629 1502 super
644 1427 769 1484 thronos.
785 1426 850 1482 Haeo
863 1439 910 1480 rnu

113 1518 181 1577 tutio
196 1519 302 1576 dextrae
317 1518 436 1587 Excelsi,
456 1517 550 1590 utqui
570 1515 687 1572 humiles
706 1529 780 1573 nunc
799 1513 921 1586 gaudent

113 1606 272 1665 ministrare
287 1607 441 1674 conservis,
458 1613 523 1664 tunc
544 1604 675 1661 sublimes
695 1619 778 1675 super
796 1616 921 1658 mensam

115 1694 226 1753 Domini
240 1695 381 1769 perpetuis
396 1694 514 1765 dapibus
534 1693 653 1760 alantur,
666 1699 693 1748 et
709 1691 755 1763 qui
778 1691 806 1746 in
830 1697 921 1746 tente-

113 1785 235 1842 tionibus
257 1785 356 1855 injnste
377 1783 492 1853 judicati
515 1798 578 1840 oum
603 1781 721 1837 Domino
744 1785 916 1851 permanent,

113 1873 172 1932 illio
186 1889 250 1931 oum
264 1888 297 1929 eo
312 1888 396 1944 super
414 1878 565 1928 tentatores
586 1885 651 1925 suos
669 1868 736 1938 justi
747 1867 854 1937 judicos
868 1882 918 1922 vc-

114 1963 200 2019 niant.
224 1960 333 2031 Quanto
360 1960 434 2017 enim
460 1959 506 2017 bio
533 1957 731 2030 despectiores,
760 1964 835 2013 tanto
864 1955 919 2013 illic
1004 1944 1146 1999 V⁸l⁸·3⁸·
1159 1972 1194 1984 ··
1207 1943 1278 1999 5⁶⁶⁶
1292 1942 1380 2014 tltdii
1393 1941 1457 1999 ‘1¹⁸⁰-
1474 1940 1660 2016 ⁰¹¹08¹³ffiit

115 2050 215 2120 majori
234 2049 353 2108 culmine
381 2047 524 2121 potestatis
551 2053 721 2105 excrescent.
752 2045 918 2103 iudicantes
969 2039 1025 2097 tur,
1051 2047 1121 2086 unus
1145 2030 1226 2098 N⁰Vit
1251 2029 1322 2086 ⁸¹²⁰?
1345 2030 1454 2087 Veteris
1468 2029 1651 2100 Tessffleffis

115 2139 272 2198 duodecim.
288 2140 342 2195 Per
355 2136 511 2205 duodecim,
534 2152 590 2192 non
612 2134 758 2193 duodecim
781 2148 918 2206 persona,
969 2120 1103 2176 adversus
1117 2119 1220 2176 diaboli
1232 2118 1372 2174 munimur
1385 2118 1511 2176 insidias·
1527 2120 1562 2175 Et
1582 2117 1661 2178 (liciti

115 2229 165 2285 sed
180 2227 325 2285 multitudo
336 2225 518 2298 judicantium
532 2223 713 2299 significatur,
725 2229 839 2296 propter
850 2223 919 2278 duas
971 2212 1008 2266 iit
1023 2213 1075 2266 θεῖ·
1091 2210 1152 2264 Duo
1166 2208 1252 2281 gladii
1267 2206 1403 2264 sufficiunt
1417 2207 1453 2264 td
1467 2207 1658 2267 testimonitm

116 2324 209 2390 partes
234 2314 393 2389 septenarii,
419 2330 473 2388 qno
496 2313 661 2372 universitas
685 2311 865 2384 significatur,
891 2310 919 2367 id
969 2297 1044 2368 pflssi
1065 2296 1225 2354 SthssiOPiS·
1249 2296 1326 2353 Unus
1351 2297 1396 2369 (ΙΙΙἰ
1419 2303 1447 2352 θῑ
1470 2296 1606 2369 ⁸P⁰⁸¹⁰li⁸
1626 2312 1661 2355 Ν

115 2413 159 2463 est
172 2406 226 2463 tria
244 2413 272 2463 et
293 2411 411 2478 quatuor
438 2420 489 2476 per
515 2417 585 2477 quas
612 2400 758 2460 duodecim
785 2399 918 2472 multipli·
969 2386 1093 2442 Gelistfldi
1111 2400 1163 2458 ΡΝ)
1182 2383 1299 2442 D⁰mi¹¹⁰
1321 2393 1349 2441 0⁸
1367 2385 1461 2441 evulsa
1475 2384 1532 2442 50¹⁰
1551 2384 1629 2442 ensis
1648 2398 1662 2443 Ι

115 2503 223 2554 cantur.
970 2474 1087 2531 Domino
1102 2473 1185 2530 etiam
1203 2474 1337 2529 morituro
1358 2474 1488 2545 pietatem
1507 2472 1662 2550 mmuterntp

151 2585 238 2642 Vitas.
250 2586 293 2640 dl.
305 2613 340 2625 -
355 2583 403 2639 Ait
416 2585 514 2639 uatem
528 2582 675 2638 Dominus.
701 2579 742 2635 Na
766 2577 920 2650 glorientur
969 2564 1080 2621 diffindi
1093 2563 1184 2619 inesse
1198 2562 1320 2620 (10001'ei-
1336 2562 1413 2619 Alie?
1428 2563 1473 2636 qui
1488 2578 1662 2638 utilitum

115 2673 262 2732 duodecim
276 2671 349 2746 quod
365 2669 416 2727 soli
430 2670 465 2725 de
480 2675 521 2725 tot
535 2668 656 2725 millibus
671 2683 735 2725 oum
754 2666 871 2724 Domino
891 2667 920 2723 in
969 2661 1032 2726 9²⁰³
1045 2653 1156 2727 ltdim,
1173 2651 1330 2708 Osissssdelet
1341 2659 1552 2709 00S¹¹⁰1¹¹⁰¹¹1¹1¹
1563 2652 1662 2728 (iuml

114 2760 309 2819 tentationibus
323 2757 510 2831 permansisse
530 2756 699 2822 dicerentur,
722 2754 853 2812 admonet
872 2771 919 2811 eos
969 2758 1021 2814 pro
1036 2743 1094 2811 eius
1108 2739 1268 2798 d⁰s0¹¹510¹¹0
1282 2740 1374 2798 sssssele
1388 2739 1551 2813 Nimim·

117 2850 215 2908 eadem
228 2847 351 2923 procella
365 2846 487 2919 potuisse
501 2844 617 2912 conteri,
640 2844 694 2899 nisi
713 2842 806 2900 divim
830 2845 920 2918 gratia
1005 2858 1090 2914 vm,
1103 2860 1146 2913 39,
1159 2887 1193 2898 ..
1207 2858 1242 2913 pe
1264 2872 1399 2930 omem,
1415 2856 1580 2914 ‘stupendus
1600 2854 1663 2916 αἱ

117 2937 232 2996 luissent
246 2935 372 3010 protecti.
389 2935 457 2991 Cum
472 2949 539 2991 vero
555 2935 671 2989 Satanas
686 2932 787 3005 expetit
801 2939 918 3001 tentare,
970 2946 1102 3003 pominus
1117 2953 1277 3004 consuetum
1296 2945 1387 3003 locum
1411 2946 1477 3014 adp,
1503 2946 1551 3002 ubi
1574 2944 1656 3005 saggo

118 3035 146 3084 et
160 3027 235 3084 velut
253 3025 300 3098 qui
319 3022 440 3082 triticum
461 3030 562 3096 purgat
583 3021 741 3081 ventilando
760 3031 917 3091 concutere,
970 3034 1097 3102 ins-enisi,
1122 3051 1156 3091 ne
1180 3042 1297 3090 monem
1320 3040 1464 3107 putaretur
1483 3033 1618 3092 timuisse·
1642 3034 1663 3093 g

118 3114 234 3172 docetur
247 3112 339 3170 nullus
353 3128 370 3168 a
384 3111 505 3180 diabolo,
521 3111 575 3167 nisi
589 3111 647 3168 Deo
665 3110 840 3183 permittente
861 3119 952 3189 ten-0
968 3123 1118 3196 dissipnlns
1133 3123 1275 3196 sanguinis
1290 3131 1316 3178 et
1330 3124 1455 3195 corporis
1476 3123 1519 3180 sui
1533 3122 1663 3197 mysterii

118 3202 182 3260 tari.
197 3204 268 3260 licta
282 3202 414 3270 Satanas,
436 3208 488 3259 etc·
510 3200 627 3257 saunas
648 3200 736 3257 bonos
755 3199 791 3256 td
806 3201 919 3258 cribtn·
969 3211 1315 3281 tos,inmontom01ivoti
1340 3212 1430 3269 educit
1454 3220 1484 3268 ut
1508 3228 1606 3270 omnes
1628 3210 1657 3271 lu

117 3292 185 3349 dum
199 3291 276 3364 petit,
292 3306 356 3348 oum
374 3289 410 3346 nd
431 3305 527 3346 eorum
544 3288 719 3348 afflictionem
736 3289 849 3346 astibm
867 3305 919 3346 an·
968 3301 1055 3373 ipsius
1069 3301 1221 3373 baptizatos
1235 3301 1403 3374 designaret,
1419 3301 1554 3359 altissimo
1578 3300 1663 3361 saneti

117 3379 192 3437 balat
210 3378 331 3436 malitiae.
352 3378 414 3450 Quo
433 3378 506 3435 enim
524 3378 649 3437 invidens
675 3394 771 3435 eorum
789 3380 919 3437 tentatio·
970 3398 1013 3446 tus
1027 3390 1193 3448 charismate
1209 3388 1422 3447 confirmandos.

118 3485 182 3527 nem
195 3469 309 3542 appetit,
326 3484 359 3527 eo
377 3456 487 3526 illorum
508 3467 587 3543 quasi
606 3467 799 3541 probationem
817 3467 919 3541 depre·
1005 3506 1091 3562 vm·
1104 3505 1147 3561 ιθ.
1159 3537 1194 3547 -
1209 3506 1302 3563 ΟΜ
1320 3504 1492 3579 Impossibile
1507 3515 1550 3562 es,
1563 3505 1664 3564 hom

118 3573 186 3617 ⁰⁸³⁵
200 3559 277 3633 petii·
969 3594 1080 3660 tentari,
1096 3610 1148 3651 neo
1161 3594 1209 3661 ait,
1224 3601 1254 3650 ut
1267 3610 1323 3651 non
1337 3594 1489 3663 tentemini,
1506 3595 1557 3652 sed
1570 3598 1664 3654 mitat

154 3675 240 3732 Vitas.
255 3677 301 3733 ³2.
314 3704 348 3716 -
363 3673 418 3746 Euo
434 3676 531 3730 autem
545 3674 650 3747 reputt.
674 3674 738 3731 Non
758 3681 788 3729 ut
806 3673 921 3732 lenieris
971 3684 1168 3741 tentationem.
1186 3683 1280 3751 Orate,
1297 3682 1325 3739 id
1339 3693 1390 3752 ost,
1407 3701 1442 3742 ne
1456 3683 1572 3743 tentatio
1585 3698 1665 3744 rosa

116 3763 167 3821 sed
180 3779 216 3820 na
229 3760 339 3821 deficiat
355 3760 424 3818 tides
439 3762 540 3829 tua,‘ut
559 3769 622 3835 post
642 3761 751 3833 lapsum
765 3762 921 3838 negationis
972 3780 998 3828 et
1013 3772 1086 3828 intre
1100 3787 1194 3829 ensses
1209 3789 1274 3829 suos
1289 3779 1390 3830 teneat.

119 3852 161 3953 od·
169 3851 314 3951 pristinum
329 3856 430 3907 statum
445 3849 603 3950 pmnitendo
626 3865 767 3949 resurges.
795 3849 866 3907 Utile
881 3859 923 3907 est
1007 3878 1338 3952 VER3·44·,3351,53'
1371 3886 1424 3937 010·
1454 3879 1526 3936 Dato
1549 3876 1665 3953 ,pomp

118 3957 192 3999 amm
207 3947 309 3997 sanctis
324 3945 351 3995 at
366 3939 562 3995 tentat1ombus
578 3952 741 4004 exammarr,
757 3944 787 3993 ut
800 3938 844 3994 uel
859 3945 921 3994 ten·
971 3973 1051 4038 nemo
1067 3965 1174 4034 orandi,
1191 3974 1217 4023 et
1233 3966 1291 4039 ipse
1306 3966 1418 4024 awlsus
1433 3975 1475 4024 est
1493 3969 1530 4024 ab
1552 3968 1601 4026 eis·
1616 3966 1665 4025 501,

119 4027 169 4085 tati
184 4042 267 4128 quiam
280 4028 366 4083 lortes
380 4025 486 4126 luerint.
505 4032 647 4124 appareat,
672 4025 716 4081 vel
739 4026 849 4126 cognita
872 4043 923 4098 por
971 4054 1665 4130 pmomnibusquisolusproomnibuspumg

120 4122 299 4174 tentationem
314 4129 365 4170 sua
387 4113 546 4171 mlinmtate
569 4113 698 4171 tortiores
721 4113 783 4170 lien
804 4116 921 4184 discant,
971 4159 1059 4199 nuens
1073 4142 1226 4199 orationem
1241 4160 1328 4212 suam,
1349 4152 1455 4200 „mum
1477 4152 1609 4218 quantum
1621 4150 1666 4217 “l

122 4213 150 4264 at
164 4205 205 4263 sic
218 4220 281 4262 oum
295 4202 404 4276 probati
418 4202 518 4259 fuerint
533 4201 668 4275 accipiant
682 4218 813 4260 coronam
827 4205 899 4262 vite.
971 4247 1035 4287 nem
1048 4246 1066 4287 a
1080 4240 1175 4288 nostra
1190 4232 1302 4288 distare·
1318 4234 1415 4290 um
1430 4237 1472 4290 est
1489 4234 1603 4307 lapidis,
1614 4239 1663 4291 m

158 4313 245 4370 Vasa.
257 4313 340 4368 33.-
355 4309 408 4378 Qut
418 4309 496 4366 dixit
506 4311 542 4376 at,
554 4315 606 4366 etc.
619 4308 689 4378 Quia
698 4309 831 4367 Dominus
847 4311 924 4369 dixe·
971 4314 1086 4387 mystice
1103 4315 1199 4382 innuit,
1216 4323 1245 4370 nt
1260 4315 1288 4369 in
1297 4314 1666 4390 idipsumdirignntlapidem

122 4408 167 4459 rat
181 4417 212 4458 se
225 4416 276 4473 pro
286 4400 368 4456 Petro
383 4413 489 4466 orasse,
506 4397 633 4455 conscius
647 4397 694 4454 ille
704 4399 847 4471 presentis
857 4399 925 4457 affe·
972 4419 1060 4476 usque
1074 4402 1110 4459 ad
1124 4403 1213 4475 ipsum
1234 4403 1387 4475 perducant
1401 4403 1580 4460 intentionem
1600 4401 1666 4478 lagia

121 4498 183 4549 ctus
198 4497 226 4547 et
239 4487 371 4548 ferventis
385 4486 460 4557 fidei
476 4486 527 4543 sed
539 4487 650 4545 nescius
663 4503 745 4545 casus
759 4487 853 4557 futuri,
865 4487 957 4549 nonD
973 4490 1075 4562 scripta
1089 4499 1148 4547 erat
1163 4491 1271 4564 lapide:
1288 4507 1376 4564 usque
1390 4491 1427 4547 ad
1440 4491 1520 4549 illum
1529 4492 1667 4564 enimpoto

121 4578 211 4636 credit
225 4594 255 4635 se
270 4578 306 4635 ab
324 4593 359 4635 eo
370 4592 452 4650 posse
473 4575 602 4634 delicere.
626 4575 680 4633 Sed
699 4576 745 4633 illo
768 4577 815 4650 utri
834 4579 923 4648 novit,
977 4579 1205 4651 voniroillelapis,
1216 4579 1344 4653 quoniam
1352 4578 1418 4650 fiais
1430 4582 1497 4655 tepla
1507 4584 1551 4639 ast
1560 4580 1667 4640 cuneta

122 4665 189 4740 quid
202 4666 238 4722 sit
255 4666 284 4722 in
303 4665 425 4735 homine,
448 4682 483 4722 ne
507 4664 569 4740 quis
591 4665 626 4723 de
645 4681 695 4723 suo
719 4671 793 4723 statu
815 4666 924 4726 incaute
974 4668 1101 4727 credenti
1115 4668 1152 4724 od
1167 4670 1312 4738 iustitium
1325 4668 1413 4741 (Rom.
1431 4668 1474 4742 x).

123 4753 253 4823 confidat,
269 4755 312 4811 vel
327 4754 363 4810 de
380 4770 448 4813 casu
467 4754 603 4813 incautius
622 4754 736 4824 diffidat,
758 4755 829 4814 sicud
849 4758 924 4814 Deus
1009 4784 1095 4840 um·
1111 4785 1156 4842 ἢ,
1167 4813 1202 4824 ,,
1218 4783 1321 4840 Orabat
1336 4783 1514 4841 ,ermom
1528 4800 1585 4841 non
1599 4791 1655 4842 m„

121 4843 244 4944 ΜΨ
260 4850 377 4944 ‘Qi’ufft
393 4860 538 4945 numm
551 4842 706 4920 11θῖ3ῑίοώ
715 4845 779 4946 eim,
788 4846 921 4918 Psaeffi⁰iiv
973 4872 1104 4944 patiendi,
1120 4887 1203 4945 quam
1216 4871 1407 4929 misericordia
1423 4872 1529 4945 'prioris
1553 4871 1656 4946 populi,

121 4940 159 5033 0‘,
172 4939 243 5032 {¹⁰¹st
265 4947 423 4990 m¹⁵⁸¹¹⁰⁰r⁸
445 4934 576 4992 amium
598 4951 655 4992 ⁵¹¹ae
674 4932 841 4993 d⁰f⁸¹¹⁸¹⁰¹¹i⁵
854 4951 922 5008 pm·
972 4960 1020 5017 illo
1035 4960 1110 5016 bibat
1124 4960 1239 5018 calicem
1253 4958 1438 5033 propinatum.
1453 4961 1532 5019 Unde
1547 4968 1575 5017 et
1587 4960 1668 5037 sigum

122 5027 214 5078 mim·
973 5049 1028 5106 cit:
1044 5051 1144 5116 letum,
1160 5048 1253 5118 idest,
1269 5048 1663 5123 populitudaeorumquinon

156 5133 345 5193 Vens.3li.-
358 5135 472 5206 thado
486 5138 618 5195 misiaco.
634 5140 696 5196 Non
711 5139 809 5196 eodem
823 5137 922 5214 regula
973 5138 1177 5195 excusationem
1199 5137 1362 5209 ignorantia
1391 5138 1420 5194 in
1443 5153 1535 5194 meam
1557 5144 1668 5195 mortem

118 5221 229 5281 vivendi
251 5221 449 5297 persecutionis
458 5217 581 5296 tempo're
607 5240 661 5299 qua
675 5227 752 5299 pacis
770 5227 920 5300 discipulos
972 5226 1093 5300 quotidie
1107 5227 1255 5283 annuntior
1268 5226 1322 5281 illis
1336 5226 1365 5281 in
1380 5224 1442 5301 lege
1457 5235 1485 5282 et
1498 5226 1669 5299 prophanat

120 5310 259 5369 informat.
265 5311 356 5369 lsrssis
365 5312 501 5387 siquidem
508 5312 649 5386 discipulis
657 5315 692 5371 ed
702 5315 917 5388 praedicandum,
971 5314 1032 5372 lieri
1046 5323 1145 5388 potest,
1161 5323 1191 5371 ut
1205 5314 1264 5372 sine
1278 5314 1389 5372 interitu
1407 5314 1567 5372 Judaeorum
1586 5312 1668 5375 cruda

119 5416 155 5459 ne
169 5399 236 5475 quid
250 5400 378 5458 tollerent
391 5400 420 5458 in
432 5402 478 5459 via
491 5403 639 5479 precepit;
655 5404 787 5462 ordinans
802 5403 916 5474 scilicet,
971 5403 1058 5461 titudo
1072 5403 1203 5478 gentium,
1220 5419 1318 5461 recuso
1331 5403 1500 5477 passionem.
1516 5403 1546 5461 Si
1558 5418 1626 5462 rem
1638 5402 1669 5461 ill

118 5497 148 5548 ut
162 5489 209 5565 qui
222 5489 406 5565 Doonpctlum
414 5493 748 5569 nuntiatdcliooneetio
758 5496 845 5552 meat.
858 5495 917 5551 lns-
970 5494 1052 5552 candi
1067 5501 1139 5563 sunt,
1155 5501 1184 5549 ut
1199 5492 1245 5550 alii
1261 5492 1381 5562 videant,
1409 5508 1465 5550 non
1487 5507 1560 5562 mea,
1585 5490 1636 5551 aad
1656 5496 1669 5549 t

116 5586 191 5638 tante
205 5595 272 5640 vero
285 5578 383 5638 mortis
396 5579 522 5651 articulo,
542 5588 570 5640 et
583 5589 641 5640 tota
660 5583 708 5641 illa
722 5591 806 5660 genta
820 5590 917 5658 pasto·
970 5583 1106 5642 voluntas.

116 5684 176 5729 rem
190 5667 271 5729 simul
285 5675 313 5730 et
332 5685 449 5749 megum
461 5679 654 5748 persequente,
670 5686 824 5749 oongmanr
843 5679 916 5733 tem·
1004 5674 1100 5744 Pater,
1116 5674 1143 5730 rt
1156 5673 1208 5744 ota,
1226 5677 1278 5730 eto.
1295 5670 1411 5746 (dnn.)
1424 5671 1480 5731 Pro
1493 5685 1539 5732 mo
1551 5668 1670 5733 doluita
