3772 6112
111 227 166 283 ass
592 187 595 191 ’
638 220 785 279 nonum
802 221 840 276 nv
866 220 946 276 rura.
969 219 1102 276 evius.
1127 220 1255 277 ulma.
1711 223 1763 281 att

113 347 213 420 sagitta
227 354 316 419 potest
329 345 458 419 intelligi;
475 346 540 418 quia
564 344 663 419 sagitta
689 352 823 402 venenata
850 360 912 402 cum
926 327 997 410 A'de
1012 345 1140 416 passione
1148 344 1290 416 discipulis
1304 343 1418 416 loquens
1425 344 1572 401 suisdixit:
1590 346 1762 405 damaetam

115 437 144 491 in
166 436 308 509 quodlibet
336 435 428 490 vivum
456 433 612 509 configitur,
640 434 807 491 mortificat:
836 434 915 492 itaet
966 435 1112 490 exaltatos
1122 437 1203 504 sacro
1215 438 1326 500 eterra,
1338 434 1433 490 omnia
1446 434 1761 507 trahamadmeipsam.

116 525 240 581 Christus
251 525 349 596 sagitta
370 523 570 595 praedicationis
585 539 643 579 suae
656 532 747 578 nostra
775 523 803 577 in
834 522 915 578 nobis
965 523 998 578 Et
1011 522 1075 577 alibi
1092 524 1279 578 :Potestotem
1294 523 1377 578 babeo
1391 522 1514 594 ponendi
1534 523 1662 579 animam
1671 539 1763 579 meam

116 613 179 670 vitia
206 620 233 669 et
255 620 368 684 peccata
395 612 549 677 mortiiicat,
580 611 695 668 dicens:
711 611 915 667 Paenitentiam
965 613 1108 667 etiterum
1122 610 1253 667 sumendi
1267 610 1399 666 eam.Nos
1414 612 1564 683 quoquejut
1578 609 1767 668 confortemur

115 691 916 774 agne,appropinquaviteaimreqaamcoeloram.lltsau·
964 698 993 754 in
1006 701 1133 766 Domino,
1150 707 1176 754 et
1192 699 1307 754 viriliter
1320 714 1436 772 agamus
1457 699 1564 755 Christo
1585 697 1764 757 confirmante

115 799 153 856 cti
161 797 288 870 apostoli,
299 797 496 869 predicatores
517 797 659 864 Ecclesiae,
684 796 791 869 sagittae
805 794 914 851 Domini
964 803 1062 842 manus
1076 795 1184 843 nostras
1206 787 1241 842 ad
1257 787 1390 859 praelium,
1419 795 1446 844 et
1473 787 1575 860 digitos
1602 794 1710 844 nostros
1729 786 1765 844 ad

114 896 203 944 acutas
214 887 352 952 dicuntur,
381 902 496 958 quorum
519 885 713 957 predicatione
727 884 917 956 [corripiuntur
964 876 1074 944 belhan,
1091 885 1120 932 ut
1135 875 1232 933 robore
1245 876 1382 947 patientiae
1409 874 1508 931 firmati
1536 875 1658 932 omnium
1671 883 1763 932 tenta·

114 974 244 1032 infideles
270 982 298 1030 et
325 975 501 1047 corriguntur
524 973 620 1029 fideles
634 974 697 1029 dum
713 988 764 1045 pro
792 972 915 1045 peccatis
965 964 1068 1020 tionum
1083 981 1184 1039 genera
1207 962 1334 1046 sqfferre,
1351 972 1377 1019 et
1400 963 1434 1018 de
1462 963 1580 1019 inimicis
1594 963 1761 1035 triumphare

114 1064 173 1120 auis
187 1072 410 1135 cumpunguntur
430 1063 466 1118 ad
495 1062 691 1134 paenitentiam.
721 1063 779 1118 Nos
806 1076 914 1134 quoque
965 1053 1111 1124 possimus,
1139 1069 1291 1125 sensusque
1311 1061 1420 1110 nostros
1449 1052 1611 1108 exercitatos
1630 1051 1763 1108 habentes

113 1152 244 1226 sagittam
270 1151 402 1208 districta
434 1151 639 1207 examinationis
659 1151 725 1221 justi
751 1150 848 1220 judieii
864 1149 914 1206 Dei
965 1142 1000 1196 ad
1015 1141 1206 1198 discretionem
1222 1141 1286 1197 boni
1303 1149 1329 1196 et
1344 1141 1418 1207 mali,
1435 1141 1633 1197 tenentesillud
1648 1147 1761 1213 aposto·

113 1256 251 1313 ponamus
265 1248 328 1296 ante
347 1240 441 1296 oculos
469 1247 587 1306 nostros,
617 1246 645 1296 et
664 1240 749 1313 digua
763 1239 915 1295 defleamus
963 1229 1056 1299 licum.
1073 1230 1119 1302 qui
1132 1230 1254 1287 dicebat:
1272 1229 1624 1304 Ombiapoaaumineoqtti
1638 1245 1760 1287 meon·
1847 1229 1852 1234 '

113 1329 274 1400 poenitentia
306 1328 378 1383 mala
399 1344 459 1401 quae
492 1326 616 1394 iacimus,
646 1336 673 1384 et
699 1335 730 1383 ut
756 1336 915 1384 nostrorum
963 1321 1064 1391 feriat.

112 1434 269 1474 mereamur
282 1417 391 1516 γεω
405 1417 566 1473 ᾰθϋῦῑοωω
580 1424 606 1472 0‘
621 1415 683 1473 ὼ*
697 1415 813 1472 f⁰f¹¹¹⁸¹¹¹
841 1432 914 1489 pm·
999 1446 1172 1503 Baoaaatem
1186 1445 1284 1516 penult
1293 1443 1387 1500 obeth.
1396 1442 1485 1499 Obeth
1495 1442 1760 1515 sarviemimerpra-

112 1506 229 1564 beaw
244 1505 353 1561 mum·
963 1539 1044 1602 tatur,
1061 1532 1183 1587 Christus
1197 1533 1266 1589 bene
1289 1535 1413 1589 serenas
1428 1532 1594 1606 intelligitur,
1611 1531 1656 1603 qui
1670 1531 1761 1590 dixit:

151 1623 241 1678 aaron
260 1620 469 1694 pascitivam.
487 1621 571 1674 Aram
585 1620 693 1676 auctas
707 1620 911 1692 interpretatur.
963 1621 1095 1677 Nonveni
1107 1622 1278 1687 ministrari,
1295 1621 1343 1678 sed
1360 1622 1535 1686 ministrare,
1551 1623 1674 1692 smmam
1684 1621 1759 1676 servi

115 1709 240 1765 Christus
254 1717 295 1765 est
309 1710 413 1765 electus
428 1709 488 1773 Dei,
519 1708 553 1764 de
581 1723 635 1780 quo
663 1709 743 1764 Pater
769 1709 889 1780 loquitur
905 1698 950 1764 :B
964 1711 1152 1782 accipiebant
1162 1710 1260 1765 habita
1271 1712 1403 1766 inventas
1413 1713 1447 1765 at
1459 1710 1547 1775 homo,
1559 1710 1761 1766 humiliavitse

114 1801 186 1856 llece
197 1815 269 1871 paar
276 1799 479 1864 meas,elactas
486 1814 573 1863 meas,
583 1814 665 1870 qaam
673 1799 754 1870 elegi.
761 1798 819 1854 Nos
835 1814 911 1871 quo·
961 1800 1055 1870 ipsam
1065 1800 1160 1869 saetas
1170 1798 1434 1870 obediensasqaead
1444 1802 1575 1854 mortem.
1585 1797 1696 1869 Nosque
1704 1813 1762 1852 ser·

113 1903 169 1961 que
179 1902 345 1960 magnopere
360 1887 494 1960 eligamus
508 1903 570 1959 quae
585 1886 750 1942 sitvoluntas
764 1886 825 1953 Dei,
838 1903 912 1943 earn·
961 1885 1068 1941 viamus
1079 1886 1195 1941 Domino
1221 1885 1248 1939 in
1265 1886 1365 1951 latitia,
1383 1885 1509 1942 videlieet
1539 1884 1678 1953 servitute,
1707 1898 1762 1956 qua

113 1992 179 2048 que,
196 1984 326 2048 quantum
341 1975 487 2047 possimus,
503 1991 656 2046 operemur,
669 1982 698 2031 ut
717 1975 754 2030 ait
765 1976 912 2047 Apostolus
961 1989 1016 2030 non
1030 1973 1216 2045 perspiritum
1231 1974 1347 2040 timoris,
1364 1974 1412 2029 sed
1427 1973 1617 2045 perspiritum
1635 1972 1762 2044 adoptio·

113 2065 213 2121 Petrus
231 2081 238 2119 ε
255 2065 301 2122 Vos
317 2069 412 2121 ocum
424 2080 512 2137 penas
527 2065 649 2120 electam
664 2065 759 2137 regale
781 2064 911 2124 sacerdo-
961 2062 1004 2118 nis
1019 2062 1137 2118 servitur
1149 2063 1284 2119 Domino:
1301 2077 1334 2118 ac
1349 2061 1469 2134 perfecta
1483 2061 1613 2118 servitute
1627 2059 1763 2132 perfectos

117 2163 202 2217 uum,
962 2166 1058 2207 servos
1078 2150 1255 2206 exhibeamus
1282 2166 1333 2206 nos
1356 2150 1482 2207 Domino,
1514 2157 1543 2206 ut
1565 2165 1627 2208 curn
1656 2157 1764 2221 tempus

153 2276 239 2332 Vnus.
255 2277 281 2332 l.
290 2305 325 2320 -
348 2275 642 2348 Aramaotempenait
654 2274 821 2331 Amiaodab.
833 2275 912 2331 hmi-

113 2365 206 2420 nadab
220 2365 340 2438 popalus
354 2381 433 2421 meas
447 2369 623 2436 spontaneas
633 2363 911 2435 interpretatur,Chri·

114 2460 911 2534 stusautemspoatanecsrecteiuterpretatur,quiaspon·

111 2557 139 2606 te
154 2550 332 2621 semetipsum
342 2548 493 2620 obtulitpro
507 2557 600 2604 nostra
622 2549 709 2605 salute
726 2549 842 2605 hostiam
857 2549 911 2604 im·

962 2239 1098 2295 servitutis
1126 2237 1207 2294 fuerit
1238 2236 1354 2306 finitum,
1383 2254 1514 2296 vocemur
1544 2237 1700 2295 abomino
1726 2236 1761 2295 ad

961 2327 1056 2384 aeterni
1070 2328 1150 2401 regni
1164 2327 1273 2399 gaudia.

999 2469 1188 2526 Obetbaatem
1200 2470 1300 2542 genuit
1315 2470 1400 2526 lesse.
1415 2471 1494 2526 lesse
1516 2471 1667 2525 incensam
1682 2468 1764 2525 inter·

961 2566 1091 2631 pretatur.
1109 2558 1229 2614 Christus
1244 2557 1316 2613 enim
1331 2558 1401 2614 bene
1416 2558 1557 2615 incensum
1587 2557 1696 2624 dicitur,
1715 2555 1762 2630 qui

115 2638 290 2694 maculatam.
307 2638 364 2694 Nos
380 2654 488 2711 quoque
503 2645 599 2709 sponte
614 2637 731 2694 Domino
745 2638 804 2694 Deo
818 2644 911 2695 nostro
962 2647 1018 2702 ait:
1035 2648 1135 2720 lanam
1146 2647 1331 2703 venimitterc
1340 2647 1370 2702 ia
1380 2650 1582 2720 terram,qaem
1591 2647 1661 2712 volo,
1673 2649 1759 2702 atar-

112 2727 227 2784 obedire
261 2734 376 2798 oportet,
406 2727 520 2798 ejusque
548 2726 717 2783 voluntatem
743 2768 751 2793 ,
781 2733 911 2798 quantum
962 2730 1046 2788 dact:
1061 2731 1172 2802 Nosque
1187 2730 1327 2786 incensum
1342 2730 1494 2786 orationum
1507 2731 1702 2786 nostrarumin
1717 2745 1762 2785 ara

112 2816 262 2889 possimus,
278 2815 439 2879 noncoacti,
455 2815 504 2870 sed
519 2823 627 2886 sponte,
642 2815 747 2887 operari
758 2812 830 2871 sacto
850 2822 911 2872 stu·
962 2818 1052 2876 cordis
1060 2819 1144 2874 nostri
1154 2819 1256 2890 jugiter
1270 2818 1456 2889 incendamus,
1481 2827 1508 2875 et
1536 2819 1564 2875 in
1592 2834 1687 2874 aurore
1705 2819 1762 2875 Do-

114 2904 239 2961 deamus.
259 2904 294 2960 Et
307 2905 366 2977 ipse
381 2904 409 2959 in
423 2903 574 2976 Evangelio
602 2919 650 2960 eos
679 2904 725 2977 qui
745 2903 911 2961 voluntatem
961 2907 1028 2963 mini
1051 2907 1135 2962 nostri
1164 2922 1270 2963 summo
1294 2908 1440 2981 flagremus
1454 2907 1608 2975 desiderio,
1638 2907 1760 2963 dicentes

114 2994 173 3064 ejus
187 2992 297 3060 iaciunt,
313 2992 447 3049 etiratres
461 3000 487 3048 et
509 2999 633 3062 matrem,
663 3000 690 3047 et
712 3006 825 3048 sorores
851 2992 910 3062 ejus
962 3010 1024 3053 cum
1038 2995 1181 3051 Psalmista
1195 2995 1330 3051 Domino:
1346 2998 1493 3069 Diriqatar
1507 2998 1598 3054 oratio
1612 2997 1761 3053 measicat

113 3081 224 3148 asserit,
231 3081 336 3138 dicens:
346 3082 376 3138 Si
383 3083 445 3154 qais
451 3083 553 3153 secaret
560 3082 738 3138 volantatem
746 3082 842 3138 Patris
853 3085 910 3139 atsi

115 3171 909 3245 qaiiacoelisest,ipsemeastraterelsororetmatcrast.

148 3276 307 3333 Aminadab
319 3278 419 3349 penca
433 3277 569 3333 Naasson.
583 3274 708 3331 Naesson
721 3292 815 3347 aaqar
825 3277 910 3348 scrib

109 3365 316 3436 interpretatur,
359 3362 433 3437 quod
473 3363 596 3420 Christus
615 3362 774 3436 intelligitur
800 3364 847 3436 qui
869 3373 912 3422 est

111 3455 244 3528 propheta
260 3452 348 3518 sortis,
366 3469 428 3508 cum
458 3452 492 3507 de
514 3452 558 3508 die
574 3451 670 3522 judicii
685 3452 825 3525 discipulis
854 3453 911 3509 suis

112 3540 911 3615 praedicavitdicens:cumveneritFiliashominist-ama·

107 3631 214 3702 jestatc
228 3647 290 3697 aaa,
307 3629 489 3686 tancsedehii
502 3631 534 3684 ia
549 3629 612 3685 sede
627 3631 788 3699 majestatis
805 3637 911 3698 saoe,ut

108 3717 215 3787 judicet
230 3718 326 3774 orbem
341 3725 420 3774 terrae
432 3717 603 3789 inaequitate,
616 3726 642 3773 et
655 3717 751 3773 reddet
764 3717 911 3791 unicuique

111 3801 265 3858 secundum
278 3817 362 3872 opera
377 3802 445 3870 eius.
461 3802 517 3857 Nos
533 3816 607 3868 vero,
632 3801 659 3855 in
683 3801 782 3858 virtute
798 3801 909 3862 Christi,

111 3889 258 3946 mundanis
281 3891 403 3962 auguriis
426 3890 565 3963 gentilium
574 3889 687 3957 relictis,
703 3891 848 3962 promissis
864 3890 910 3946 di·
961 3935 967 3947 .

41 4032 48 4048 ,
111 3977 184 4034 vinis
210 3976 292 4034 iidem
320 3978 508 4046 adhibeamus,
524 3986 551 4034 et
566 3978 687 4034 omnium
703 3979 911 4051 prosperitatem

112 4083 206 4122 rerum
222 4067 250 4122 in
266 4067 316 4123 Dei
345 4068 431 4123 solius
457 4067 605 4134 voluntate,
622 4082 677 4122 non
706 4068 734 4122 in
753 4067 827 4124 lalsis
841 4068 913 4124 divi-

110 4155 270 4211 nationibus
298 4155 475 4223 collocemus,
491 4155 541 4211 sed
561 4155 661 4212 divinis
681 4157 798 4229 pleniter
811 4155 910 4214 creda-

111 4259 174 4299 mus
189 4243 321 4300 oraculis.

148 4334 485 4405 Naossaaaatemqeoail
495 4333 620 4390 Solanon.
638 4332 747 4390 Salmon
764 4333 907 4391 sensibilia

108 4420 316 4491 interpretatur.
334 4420 457 4476 Christus
471 4421 620 4487 sensibilis,
643 4422 689 4494 qui
699 4421 806 4478 mulieri
834 4409 944 4478 retroD

107 4508 273 4565 vestimenta
288 4510 411 4581 tangenti
427 4509 495 4565 dixi:
507 4511 609 4581 Tetigit
623 4494 667 4566 oie
678 4511 792 4583 atqua,
807 4514 910 4567 namet

110 4614 159 4670 ego
174 4599 240 4655 aovi
252 4601 390 4656 virtatem
404 4599 437 4654 de
452 4614 497 4654 me
510 4597 913 4670 exisserquiscitomniaante·

110 4702 194 4758 quam
208 4684 284 4752 fiant,
302 4687 348 4758 qui
366 4687 441 4744 novit
464 4686 555 4742 omnia
583 4686 729 4758 praeterita,
763 4687 909 4758 presentia
976 4732 982 4743 .

110 4783 195 4846 atque
225 4773 327 4831 lutura.
351 4776 409 4831 Nos
431 4791 540 4848 quoque
566 4775 595 4829 in
620 4774 737 4832 Domino
765 4776 910 4833 sensibiles

110 4869 218 4935 oportet
232 4863 359 4930 existere,
376 4871 403 4919 et
417 4863 477 4919 sola
488 4880 520 4919 ea
547 4879 608 4937 quae
634 4863 705 4920 bona
724 4872 787 4919 sunt
813 4872 909 4921 tenea-

108 4968 182 5019 mus,
199 4959 225 5008 et
237 4952 364 5008 sensibus
378 4951 502 5024 perfecti,
518 4953 546 5008 in
560 4952 664 5008 malitia
682 4953 790 5024 parvuli
811 4955 907 5021 simus,

960 3086 1111 3142 incensam
1126 3086 1324 3157 incompacta
1339 3089 1396 3142 tao.

987 3220 1063 3277 lesse
1077 3219 1281 3291 aatcmqeaait
1294 3216 1688 3275 stomachationem
1702 3218 1760 3276 sive
1823 3275 1829 3284 ,

960 3307 1078 3364 bellator
1090 3308 1174 3380 fortis
1188 3306 1466 3379 interpretatur,quod
1480 3314 1623 3379 utrumque
1639 3306 1762 3363 Christus

959 3395 1128 3467 intelligitur,
1143 3395 1177 3451 de
1193 3411 1247 3467 quo
1262 3396 1416 3466 propheta.-
1434 3395 1580 3468 Speca‘osas
1593 3398 1688 3468 forma
1700 3412 1761 3468 praa

959 3483 1760 3557 filiisbominum&Evangelista:PEtraspleadaitfacies

960 3580 1759 3653 ajassieatsol.Etccstimeataejast'actasantalbasleat

960 3670 1024 3726 aia.
1040 3668 1232 3735 sivegbeilator
1246 3667 1332 3734 sortis,
1357 3667 1423 3724 dum
1450 3666 1589 3723 diabolum
1616 3667 1760 3735 vincebat,

960 3765 987 3814 et
1000 3756 1150 3813 humiliavit
1176 3755 1400 3812 calumniatorem
1429 3763 1564 3811 nostrum.
1593 3757 1704 3827 Nosque
1729 3755 1757 3810 in

960 3854 1026 3919 typo
1040 3844 1141 3900 Christi
1155 3859 1186 3901 ac
1200 3844 1288 3900 David
1302 3845 1442 3916 prophetae
1452 3843 1578 3916 proprias
1591 3843 1758 3900 remittamus

960 3934 1084 4005 injurias,
1093 3941 1120 3988 et
1133 3932 1328 3989 desiderabiles
1344 3931 1481 3989 eliciamur
1495 3931 1622 4002 Domino,
1638 3931 1762 3988 avidum·

960 4039 1012 4096 que
1022 4038 1090 4096 erga
1105 4022 1252 4079 Dominum
1266 4022 1416 4078 habeamus
1428 4021 1596 4078 desiderium
1604 4020 1758 4095 utdiligea·

960 4119 1000 4168 tes
1014 4111 1160 4167 Dominum
1175 4109 1321 4182 diligamur
1348 4126 1364 4165 a
1393 4110 1519 4166 Domino.
1549 4109 1646 4166 Fortes
1674 4108 1756 4165 simul

959 4200 1041 4256 etiam
1062 4199 1219 4266 bellatores,
1228 4199 1256 4255 id
1284 4206 1325 4256 est
1352 4198 1472 4270 perfecto
1497 4214 1580 4272 opere
1608 4197 1758 4270 spiritalem

959 4289 1098 4363 gigantem
1112 4288 1251 4344 diabolum
1267 4288 1379 4360 proprio
1392 4288 1549 4345 occidamus
1563 4286 1664 4361 gladio,
1680 4285 1756 4343 etde

958 4385 1092 4449 potestate
1107 4378 1164 4447 ejus
1179 4385 1232 4431 tarn
1242 4385 1349 4433 nostras
1365 4376 1637 4448 quamproximomm
1651 4374 1756 4431 animas

959 4466 1126 4538 eripientes;
1142 4473 1170 4520 ut
1194 4474 1315 4522 extremo
1339 4465 1501 4522 adveniente
1525 4464 1628 4533 jndicio
1642 4463 1755 4520 deside-

959 4553 1059 4610 rabiles
1073 4553 1225 4628 fulgeamus
1240 4552 1356 4610 sicutsol
1372 4554 1399 4608 in
1414 4569 1501 4626 regno
1511 4553 1598 4608 Petris
1611 4551 1753 4622 nostriet,

958 4644 1031 4700 bono
1045 4642 1193 4700 certamine
1208 4641 1468 4713 certato,repositam
1483 4640 1562 4697 nobis
1575 4640 1603 4696 in
1618 4640 1695 4698 coelis
1707 4657 1755 4698 aa·

958 4732 1090 4804 cupiamus
1105 4732 1201 4801 ajusto
1217 4730 1309 4800 judice
1320 4729 1431 4799 justitiae
1451 4745 1590 4787 coronam.

994 4873 1079 4929 Vnus.
1096 4870 1752 4945 6.—l)aeldaatem9eaaitsalomoaem.Salo·
1837 4884 1840 4889 ·

957 4977 1021 5019 mon
1036 4962 1170 5036 pacificas
1190 4961 1389 5032 interpretatur.
1406 4961 1529 5017 Christus
1552 4960 1625 5017 enim
1639 4976 1694 5032 pax
1707 4974 1754 5018 uo·

109 5041 292 5097 ”mammes
312 5057 367 5098 ¹¹⁰⁰
381 5057 429 5098 ⁰³³
456 5039 668 5098 h⁰¹¹⁰fis¹⁰eml¹⁸
697 5041 852 5111 DOmissums
882 5049 910 5099 θῑ
958 5060 1021 5119 stra,
1033 5058 1062 5105 ut
1077 5050 1114 5106 ait
1130 5049 1343 5122 Apostolus,qui
1358 5048 1421 5106 iacit
1433 5057 1548 5121 utraque
1562 5065 1656 5117 unum,
1668 5048 1696 5105 id
1711 5056 1759 5106 eat

110 5129 217 5185 Palem
244 5129 353 5186 DOmissi
380 5131 445 5186 «¹0⁵⁰
474 5128 582 5197 Christi.
603 5145 636 5187 8⁰
656 5147 740 5188 ⁵³⁰?ae
764 5131 908 5205 Scriptum
958 5139 1105 5197 exludaeis
1127 5146 1154 5195 et
1168 5138 1295 5213 gentibus
1315 5154 1396 5193 unam
1424 5137 1476 5192 sibi
1502 5136 1566 5194 fecit
1588 5137 1751 5205 Ecclesiam,

110 5217 237 5274 sensibus
249 5218 372 5274 instructi
386 5219 519 5275 docibiles
532 5218 582 5275 Dei
597 5218 744 5275 efficiamur
759 5221 908 5278 secundum
958 5244 1039 5301 quam
1052 5227 1170 5299 pretioso
1184 5227 1316 5301 sanguine
1331 5242 1381 5283 suo
1394 5225 1509 5283 redemit
1528 5233 1555 5283 et
1568 5225 1752 5283 reconciliavit

112 5306 190 5362 lsaiae
204 5307 358 5363 vaticinium
374 5307 489 5363 dicentis
505 5325 512 5363 :
529 5310 564 5364 nt
574 5309 909 5366 eruatomnesdoeibiles
957 5317 1015 5372 Deo
1031 5316 1102 5371 Patri
1117 5331 1175 5371 suo.
1191 5315 1248 5372 Nos
1263 5331 1369 5389 quoque
1384 5332 1446 5372 cum
1462 5315 1602 5388 Aposmlo,
1623 5322 1750 5387 quantum

110 5397 170 5452 Μ’
958 5422 992 5461 ex
1006 5405 1084 5460 nobis
1099 5413 1149 5471 est,
1165 5420 1226 5461 cum
1244 5404 1532 5460 omnibushominibus
1545 5419 1640 5476 pacem
1651 5402 1754 5457 haben·

147 5501 442 5560 Vsns.t5.-Saimon
464 5507 562 5560 autem
595 5504 694 5577 yenutt
729 5505 808 5560 Boon,
838 5505 909 5560 13002
958 5501 1008 5561 tes,
1025 5502 1051 5548 et
1065 5493 1193 5549 intestino
1207 5493 1334 5550 vitiorum
1349 5493 1422 5551 bello
1436 5492 1618 5566 spiritualibus
1633 5490 1750 5546 victores

114 5589 200 5648 rebar
214 5591 330 5647 virtutis
357 5589 553 5664 interpretatur,
570 5592 642 5666 quod
656 5599 699 5649 est
713 5591 844 5662 Christus,
862 5591 909 5665 qui
957 5590 1110 5661 virtutibus,
1128 5599 1155 5648 et
1168 5598 1281 5665 utraque
1294 5591 1404 5649 homine
1418 5599 1521 5657 nostro,
1532 5589 1561 5644 id
1575 5595 1616 5643 est
1630 5584 1759 5644 interiori
