3772 6112
110 279 167 333 ΤΠ

630 277 756 334 EXPOS.
775 279 809 335 [N
824 278 877 332 XX
893 274 1020 332 Ptttttos
1036 274 1201 330 usitatos,

1715 280 1766 332 tta

151 401 239 457 Vens.
257 402 284 456 l.
302 431 336 441 -
351 402 464 489 Respice
490 409 581 457 autem
596 401 714 458 retertur
735 402 769 457 ad
791 402 818 457 id
844 401 917 473 quod
931 399 1126 468 Abarninum,
1142 407 1194 454 ete.
1213 399 1302 470 Super
1316 399 1417 453 ludaeis
1433 407 1521 470 potest
1536 399 1660 472 intelligi,
1677 402 1768 456 utho-

115 488 221 546 dictum
235 497 276 544 est
293 508 300 544 :
319 492 456 564 Usquequo
472 492 642 548 oblivisceris
654 507 698 546 me
721 493 753 547 iu
768 491 881 559 finem?

153 605 239 661 Vens.
256 607 282 659 s.
294 633 330 645 -
344 605 480 661 illumina
501 606 595 663 oeulos
610 622 695 672 meos,
719 621 754 661 ne
779 623 915 677 anquam,

117 701 171 751 etc.
189 693 256 751 Orat
270 694 365 750 oeulos
381 694 423 749 sui
438 694 530 750 cordis
554 695 727 761 illuminari,
744 709 778 749 ne
800 694 917 750 delecta·

117 782 166 838 bili
182 781 291 838 deiectu
299 783 405 854 peccati
420 783 587 839 claudantur.
603 782 710 839 Diaboli
723 781 823 854 quippe
837 782 919 838 insul·

116 870 184 928 tatio
198 871 345 927 metuenda
359 879 409 938 est,
426 872 473 943 qui
488 871 640 927 detestabili
650 871 846 928 consuetudine
855 878 918 926 tunc

116 957 237 1017 efficitur
250 959 338 1028 laetus,
356 960 465 1033 qumdo
480 976 528 1017 eas
545 977 613 1033 quos
627 960 777 1033 deceperit,
794 976 824 1016 se
848 975 917 1033 cog-

116 1049 224 1104 noverit
238 1049 391 1121 possidere.

157 1138 211 1208 Qui
230 1139 371 1195 tribulant
394 1153 439 1195 me
457 1139 653 1204 exsultabunt,
670 1146 722 1194 etc.
747 1136 918 1194 'tribulantes

114 1234 182 1282 sunt
193 1226 295 1283 diaboli
310 1234 336 1283 ει
351 1226 443 1300 angeli
454 1228 521 1296 eJus,
539 1227 585 1299 qui
601 1243 654 1283 non
670 1226 874 1283 exsultaverunt
884 1226 919 1282 de

111 1316 190 1387 justo
204 1315 263 1373 viro
277 1315 338 1384 lob,
354 1332 417 1374 curn
431 1332 495 1372 eum
519 1316 687 1386 tribularent,
714 1316 778 1388 quia
797 1331 853 1372 non
878 1322 920 1370 est

973 488 1095 543 noratius
1119 504 1167 542 eos
1190 487 1369 559 appellaverit
1391 489 1464 556 filias
1489 489 1635 544 leontinum
1657 498 1769 560 proptor

972 576 1052 631 unius
1066 575 1115 631 Dei
1130 575 1229 631 cultum
1244 576 1271 629 in
1294 576 1497 647 comparatione
1516 577 1667 649 gentilium.
1684 580 1769 633 Pros-

970 666 1043 736 pieit
1057 672 1147 719 autem
1161 666 1307 731 Dominus,
1330 672 1358 719 ut
1372 664 1461 719 videat
1477 681 1526 736 per
1541 665 1645 720 animas
1661 675 1770 722 sanctas

972 768 1045 818 suas,
1061 753 1132 824 qnod
1148 752 1284 825 significat
1299 752 1327 807 id
1337 753 1410 825 quod
1435 754 1536 810 dictum
1561 764 1610 822 est,
1636 754 1669 810 de
1691 754 1767 811 tulo.

971 841 1039 895 Nam
1065 841 1257 912 perseipsum
1281 841 1348 895 nihil
1375 858 1437 897 eum
1459 842 1546 898 latet:
1569 843 1622 897 nisi
1645 842 1712 899 torte
1737 857 1770 899 eo

971 930 1053 984 modo
1069 929 1233 1003 intelligatur
1247 930 1359 1001 dictum,
1384 935 1416 986 ut
1440 933 1542 999 videat,
1560 931 1587 986 id
1612 938 1654 987 est
1677 932 1770 987 videre

972 1016 1046 1074 iaciat
1067 1036 1074 1072 ε
1091 1018 1313 1074 sieutilbraltam
1329 1009 1485 1075 dictumest
1502 1037 1510 1074 ι
1538 1022 1618 1077 Nune
1642 1020 1766 1093 caenosi,

971 1106 1042 1179 quod
1058 1108 1159 1164 timeas
1172 1109 1271 1176 Deum,
1287 1108 1379 1174 idest,
1396 1124 1468 1164 nnnc
1484 1124 1652 1182 cognoscere
1667 1108 1730 1166 leci.

1006 1222 1092 1280 Vens.
1109 1227 1136 1279 3.
1152 1255 1187 1265 -
1203 1225 1303 1281 Omnes
1328 1224 1555 1293 declinaberunt,
1579 1233 1632 1282 etc.
1660 1225 1691 1282 ld
1715 1233 1766 1298 est,

970 1311 1057 1368 Judaei
1079 1312 1146 1369 tales
1169 1312 1231 1370 laeti
1249 1321 1320 1380 sunt,
1336 1314 1431 1386 quales
1442 1321 1469 1370 et
1482 1323 1590 1386 gentes.

113 1409 222 1473 neotus,
232 1404 261 1461 id
270 1413 321 1474 est,
335 1405 369 1460 dc
378 1404 522 1461 stabilitate
529 1404 654 1461 fideinon
663 1405 785 1463 recessit.
798 1405 920 1476 idipsum
1005 1402 1174 1474 Sepulcrum
1182 1407 1345 1476 potensest,
1362 1405 1454 1460 ete.ln
1464 1404 1589 1476 sepulcra
1600 1410 1710 1475 patente
1720 1411 1768 1460 aut

115 1502 210 1549 antem
224 1493 362 1566 quodnan
378 1502 504 1550 movetur
528 1494 620 1561 homo,
639 1503 665 1551 ει
679 1493 748 1550 fixus
761 1493 920 1550 inDomino
970 1491 1105 1546 voracitas
1119 1490 1289 1565 significatur
1304 1492 1432 1548 inhiantis
1447 1493 1530 1565 gulte,
1545 1501 1590 1548 aut
1604 1492 1631 1547 in
1661 1493 1783 1566 allego.

116 1590 272 1654 permanet,
288 1582 406 1638 nonsibi
420 1582 501 1638 debet
522 1582 653 1650 tribuere,
670 1599 705 1637 ne
726 1599 787 1639 cnm
809 1599 839 1638 se
861 1581 920 1655 glo·
971 1579 1020 1648 ria,
1037 1579 1083 1652 qui
1097 1581 1233 1652 occidunt,
1251 1588 1277 1636 et
1292 1582 1370 1653 quasi
1386 1582 1518 1638 devorant
1533 1581 1691 1644 interlectos
1707 1598 1765 1651 eos,

114 1669 201 1726 riatur
229 1687 284 1727 non
314 1687 375 1727 esse
395 1676 516 1740 neotum,
541 1672 602 1742 ipsa
621 1671 750 1744 snperbia
766 1679 918 1728 moveatur.
971 1668 1069 1740 quibus
1084 1685 1191 1725 morum
1210 1686 1322 1725 suorum
1345 1671 1550 1741 perversitatem
1573 1672 1697 1728 suadent.
1720 1671 1771 1728 Cui

150 1777 238 1834 pm·
251 1781 277 1833 g,
290 1807 326 1820 ,,
337 1779 657 1834 gmgagggcormeum
671 1780 703 1834 g„
717 1778 912 1849 ,atumem
931 1761 958 1822 Β
972 1756 1060 1814 simile
1095 1767 1145 1827 est,
1171 1760 1362 1827 econtrario,
1389 1759 1461 1831 quod
1484 1761 1563 1816 Petro
1590 1760 1693 1816 dictum
1716 1766 1767 1828 est,

114 1865 149 1922 lte
163 1867 289 1924 salutm
304 1871 362 1936 tua,
378 1868 431 1924 hoc
446 1874 489 1922 est
503 1866 647 1923 inchristo
661 1867 737 1934 lesu,
761 1868 918 1924 exsultabit
970 1847 1069 1914 namt
1086 1850 1115 1903 lt
1128 1847 1281 1914 'liuidum’
1298 1856 1326 1903 ut
1337 1848 1364 1901 5¹¹
1375 1864 1454 1903 suam
1469 1847 1550 1903 fidem
1568 1856 1594 1903 θῑ
1609 1849 1696 1905 b⁰¹¹⁰⁸
1706 1864 1768 1905 ¹¹¹⁰·

115 1970 166 2012 m
179 1971 285 2025 meum,
302 1955 349 2027 qui
368 1956 468 2012 meg
483 1957 556 2012 mig,-
570 1956 643 2011 gom,
655 1955 794 2027 spiritalia,
811 1971 867 2011 non
882 1955 917 2011 ad
967 1950 1013 1991 res
1028 1944 1125 2009 gentes
1150 1944 1332 1992 conuerteret.
1354 1937 1428 1991 Patet
1438 1952 1502 1993 uero
1527 1937 1601 2010 quod
1622 1937 1768 2010 sequitur:

114 2043 268 2099 humanum
286 2044 359 2100 diem
373 2044 547 2116 pertinentia.
573 2045 686 2116 Propter
703 2045 776 2116 quod
795 2045 918 2118 peullam
967 2024 1083 2096 mutuli
1098 2026 1158 2081 ΝΒ
1173 2025 1404 2097 ἅθῖθδθῦθθῦθηῑ·
1421 2026 1520 2081 Comes
1543 2026 1644 2098 qnippe
1668 2034 1710 2081 ‘⁹²⁵²
1723 2040 1769 2083 ΥΟ·

114 2133 233 2188 „omim-
248 2132 398 2202 ggggsgmg
414 2131 443 2188 id
457 2141 508 2199 est,
534 2147 597 2188 cum
617 2132 828 2206 gaudjogmgas
853 2148 916 2206 330,
967 2113 1077 2170 racibus
1086 2113 1207 2169 adulatio
1221 2122 1248 2170 et
1258 2115 1385 2169 omnibns
1393 2115 1483 2172 malis.
1508 2116 1650 2173 Venenum
1678 2123 1770 2172 antem

114 2227 143 2276 et
167 2221 377 2278 ordinatissime
403 2229 464 2277 utar
494 2236 619 2291 corpore,
651 2223 724 2293 qnod
755 2230 797 2278 est
821 2229 917 2278 cantus
967 2201 1061 2257 d0¹⁰¹¹¹
1084 2202 1174 2269 (fimi
1197 2204 1330 2276 aspidum
1358 2219 1435 2273 V0l0»
1459 2203 1523 2275 quia
1550 2204 1646 2260 ¹¹⁰¹u¹1l
1673 2203 1770 2262 audire

115 2309 218 2365 ΨΜ
241 2309 397 2380 spiritualis,
423 2309 451 2364 Si
474 2317 566 2365 autem
588 2309 679 2381 aliqua
701 2310 746 2366 hig
764 2309 919 2366 differentia
966 2290 1053 2346 verba
1067 2289 1241 2347 incantantis.
1254 2291 1350 2363 aspidi
1366 2292 1532 2348 enimludaei
1542 2291 1681 2363 aptissime
1689 2308 1769 2350 eom·

115 2397 319 2454 consideranda
334 2406 385 2465 εει,
401 2398 519 2455 cantabo
535 2399 629 2466 eorde,
649 2400 774 2471 psallam
788 2399 917 2470 operibus
966 2387 1108 2451 pilantur,
1122 2379 1167 2451 qui
1181 2379 1328 2435 idlefsum
1349 2381 1432 2436 verba
1452 2380 1581 2437 Stluffllifl
1603 2381 1769 2439 infimum

113 2486 244 2556 Domino,
270 2487 316 2558 qui
340 2486 415 2543 solus
436 2486 535 2542 videt:
559 2486 663 2542 nomini
684 2495 776 2543 autem
797 2487 915 2556 Domini,
967 2466 1062 2523 miseri
1076 2467 1231 2523 lethiferam
1246 2468 1424 2524 susdidalem·

115 2575 192 2649 quod
206 2576 278 2647 apud
290 2575 415 2632 homines
429 2575 583 2644 innotescit,
596 2576 669 2648 quoe
683 2591 738 2632 110„
752 2576 791 2633 ιιι,
805 2576 855 2633 sed
868 2591 917 2634 no·
1004 2557 1127 2625 Quarum
1140 2558 1386 2627 osmaledt'ctione,
1404 2566 1456 2615 etc.
1472 2558 1559 2616 Pedes
1574 2559 1768 2632 appebatcon·

115 2663 160 2720 bis
174 2672 216 2721 est
229 2663 305 2720 utile.
967 2644 1021 2700 silii
1034 2661 1209 2717 progressus,
1228 2647 1326 2720 quibus
1341 2648 1376 2703 de
1389 2647 1508 2720 incoepto
1523 2664 1665 2705 moremur
1678 2649 1714 2707 ed
1724 2667 1769 2707 ex·

966 2732 1020 2788 itus
1035 2750 1137 2790 rerum.
1153 2736 1224 2790 Nam
1242 2735 1314 2807 quod
1325 2736 1391 2791 dixit
1402 2737 1518 2807 veloces,
1531 2736 1659 2809 ostendit,
1675 2739 1767 2795 mode·

967 2821 1081 2878 rationis
1095 2822 1149 2878 illis
1164 2824 1278 2880 consilia
1292 2823 1421 2882 defuisse.
1433 2826 1475 2881 Ad
1493 2826 1768 2898 effundendamsan·

965 2913 1091 2983 guinem,
1108 2911 1230 2969 ditinum
1244 2911 1371 2969 uidelicet
1386 2914 1546 2986 Salvatoris,
1573 2924 1602 2972 ut
1624 2917 1766 2974 sceleratae

152 2992 234 3049 Vinia
246 2993 316 3065 tegit
332 2992 472 3050 Christus.
488 2992 530 3049 Ad
552 2992 628 3048 ibam
651 2992 782 3061 redimus,
808 2991 918 3066 quando
966 2998 1008 3055 rei
1024 3001 1295 3057 creseatimmanitas
1311 3002 1436 3059 aetionis.

114 3080 263 3153 incipimus
278 3081 352 3137 nam
366 3082 465 3138 bonam
483 3081 590 3154 ingredi
606 3099 614 3137 :
635 3081 727 3154 ipsum
750 3077 912 3151 uidebim'us,
1005 3089 1142 3148 contritio
1151 3095 1179 3147 et
1189 3092 1348 3162 infelicitas
1363 3093 1394 3147 t'n
1409 3093 1584 3160 mistorum,
1600 3101 1651 3151 ete.
1663 3093 1766 3152 Omnes

115 3185 181 3226 eum
193 3171 410 3242 pervenerimus.
421 3172 456 3226 Et
469 3170 531 3226 ideo
550 3170 610 3242 ipse
634 3169 706 3239 finis,
729 3186 811 3242 quem
829 3170 915 3227 Judaei
965 3178 1099 3235 malorum
1113 3180 1254 3236 hominum
1269 3180 1320 3238 viae
1335 3181 1424 3254 plenae
1438 3189 1502 3238 sunt
1515 3181 1656 3240 laboribus
1670 3192 1697 3240 ει
1718 3184 1766 3241 mi·

115 3258 243 3316 ridentes
257 3259 387 3315 humilem
401 3259 430 3314 in
449 3265 590 3331 assumpta
612 3274 694 3316 carne
716 3260 835 3330 uenisse,
862 3275 917 3317 non
965 3267 1047 3323 seria.
1063 3269 1141 3325 Unde
1156 3272 1496 3342 ttoneognoueruntuiam
1506 3273 1596 3345 pacis,
1609 3289 1671 3345 quae
1681 3272 1765 3332 dicit:

112 3346 307 3405 intellexerunt
320 3349 410 3420 ipsum
425 3364 487 3404 esse
497 3347 544 3420 qui
557 3348 702 3420 praedictus
716 3346 805 3404 luerat
818 3364 834 3403 a
847 3364 915 3420 pro·
968 3356 1171 3424 Veniteadme,
1187 3373 1284 3414 omnes
1298 3359 1347 3431 qai
1364 3359 1498 3417 laboratis
1512 3366 1542 3417 et
1556 3363 1669 3419 onerati
1682 3364 1762 3436 estis,

115 3437 218 3509 photis.
234 3437 300 3494 Ideo
314 3437 353 3493 sic
367 3436 461 3508 incipit
475 3436 597 3509 psalmus
614 3455 621 3492 ι
964 3447 994 3500 et
1007 3460 1054 3517 epo
1068 3446 1196 3516 reficiam
1209 3463 1264 3513 uos,
1275 3448 1564 3523 etdisciteamequia
1572 3452 1724 3510 mitissum
1737 3457 1766 3510 et

149 3545 238 3601 vens,
255 3549 280 3601 1,
297 3575 332 3586 .-
347 3545 431 3601 pexit
453 3546 594 3617 insipiens
617 3545 649 3600 in
672 3544 753 3602 eorde
776 3561 836 3612 aaa,
862 3551 913 3601 etc,
964 3533 1082 3590 butnitis
1095 3535 1218 3604 eorde,et
1231 3536 1383 3592 inuenietis
1396 3540 1521 3610 requiem
1537 3540 1687 3598 animabus
1705 3557 1765 3600 ves·

113 3632 195 3704 Quod
209 3632 271 3690 ideo
282 3633 404 3708 gravius,
422 3633 554 3706 quianon
569 3640 673 3689 tantum
682 3633 762 3688 labiis
777 3633 913 3704 dixerunt,
965 3624 1018 3678 tris
1025 3642 1034 3678 .·
1035 3625 1139 3695 jupam
1147 3624 1224 3680 euim
1230 3640 1325 3681 meum
1335 3625 1398 3682 leae
1405 3630 1457 3693 est,
1467 3630 1496 3683 et
1504 3630 1619 3685 sarcina
1626 3646 1689 3686 mea
1696 3631 1765 3687 buit

115 3723 168 3780 sed
182 3725 216 3780 in
229 3723 320 3795 corde,
336 3731 366 3779 ut
379 3724 452 3780 malo
468 3731 532 3779 voto
545 3723 623 3795 pejor
631 3721 808 3778 incredulitas
813 3723 914 3794 junge·
963 3715 1016 3768 tti-

360 2833 398 2890 IN
421 2834 586 2891 Psattttttt
603 2835 678 2890 xltt.

115 3819 206 3869 retur.
222 3812 315 3869 Potest
329 3812 382 3869 hoc
392 3820 420 3869 ει
434 3812 469 3868 de
493 3812 621 3885 gentibus
630 3811 813 3884 intelligi,qui
823 3811 915 3885 provi·
999 3800 1085 3856 Vm·
1101 3800 1128 3855 ¹¹·
1143 3801 1290 3858 '‘NOW
1306 3807 1473 3874 ⁶09⁷²0⁸⁶⁶²l2
1489 3819 1595 3875 oannes,
1612 3812 1666 3863 θῑῦ·
1697 3807 1764 3865 Om-

115 3901 239 3959 dentiam
253 3901 374 3958 ditmam
389 3908 522 3974 negantes
546 3901 659 3958 casibus
677 3900 810 3958 mundum
838 3900 915 3959 aesti-
963 3888 1047 3944 'litut
1060 3888 1152 3960 “filiis
1166 3889 1298 3946 DOmisslls
1310 3890 1443 3961 judicium
1452 3893 1643 3964 comminatur,
1655 3894 1761 3966 ditent,

113 3998 190 4046 mant
203 3990 361 4064 gubernari.
963 3975 992 4032 in
1005 3977 1183 4035 retributione
1199 3980 1323 4051 generali
1344 3997 1509 4053 cognoscere
1527 3983 1683 4057 vinffictam,
1714 3986 1764 4059 qui

152 4081 283 4153 eompe
296 4084 366 4137 ,une
384 4081 414 4136 ee
428 4078 639 4148 abominabiles,
654 4085 707 4135 θη,
724 4078 755 4134 ld
776 4085 826 4148 ese,
850 4078 915 4135 dum
963 4082 1036 4123 nunc
1050 4074 1198 4138 operentur
1212 4070 1263 4124 sub
1280 4069 1408 4127 libertate
1430 4072 1572 4130 malitiam.
1604 4075 1656 4143 Qui
1682 4075 1762 4135 deva·

112 4175 206 4223 emant
215 4169 267 4225 1100
282 4168 422 4235 mulum,
440 4175 467 4223 et
481 4184 534 4223 110„
549 4175 641 4223 amane
659 4168 757 4237 Deumy
776 4167 835 4239 ipsa
852 4176 916 4224 sune
964 4159 1041 4223 rant,
1057 4156 1153 4228 inquit,
1169 4159 1278 4231 plebem
1292 4176 1385 4216 meam
1404 4161 1480 4217 sieut
1502 4166 1689 4237 escampanis
1705 4163 1756 4221 :id

112 4256 214 4324 studia,
231 4272 292 4329 quae
307 4264 483 4328 corrumpunt
502 4256 630 4325 animam,
656 4264 683 4312 et
703 4256 743 4313 sic
764 4263 912 4324 excaeeant,
964 4252 1015 4310 est,
1031 4245 1161 4316 quotidie.
1179 4247 1262 4303 Cibus
1279 4248 1351 4303 enim
1365 4250 1445 4321 panis
1460 4251 1633 4323 quotidianus
1644 4260 1695 4319 est,
1711 4254 1760 4309 de·

113 4350 143 4398 ut
157 4343 245 4416 possit
254 4345 337 4400 etiam
352 4344 445 4401 dicere
455 4344 587 4416 insipiens
608 4344 637 4399 in
652 4345 734 4401 eorde
758 4360 827 4400 suo:
853 4346 914 4402 Non
964 4341 1059 4388 V0fflss¹
1073 4334 1153 4390 eliam
1162 4337 1304 4408 populum,
1321 4338 1385 4410 qnia
1399 4356 1448 4395 ⁵⁰1²
1458 4340 1603 4397 commoda
1612 4358 1646 4398 ⁶¹
1659 4341 1762 4409 111003·

112 4431 158 4485 ρει
173 4430 246 4485 ΒΜ
262 4431 357 4486 :me
372 4431 451 4486 enim
471 4447 530 4486 non
558 4430 749 4503 probaverunt
763 4431 852 4485 Deum
868 4431 915 4486 ha.
964 4421 1050 4493 piant,
1062 4438 1117 4479 non
1130 4422 1250 4481 ferentes
1258 4426 1439 4484 ministerium
1450 4447 1529 4484 sunm
1538 4432 1572 4486 ad
1582 4430 1759 4505 gloriamDei

112 4518 177 4576 bere
188 4520 221 4574 in
235 4519 347 4585 notitia,
364 4519 441 4575 dedit
455 4520 520 4574 illas
535 4520 609 4575 Dens
624 4519 655 4574 in
673 4519 822 4592 reprobum
844 4535 912 4575 sen·
929 4483 992 4565 Del
1005 4510 1039 4565 td
1055 4527 1159 4581 001t¹¹¹¹t
1176 4514 1275 4586 sitibus
1289 4525 1416 4587 praesunt,
1429 4518 1553 4574 salutem·

112 4625 188 4675 sum,
204 4615 234 4663 ut
248 4605 441 4662 nefandissima
454 4607 640 4663 incredulitate
651 4607 787 4678 maculati,
805 4609 911 4665 ubami-
998 4600 1083 4656 VERS·
1101 4605 1127 4657 5·
1139 4632 1173 4642 -
1187 4605 1339 4660 Dotltinnm
1348 4623 1404 4661 toll
1413 4608 1624 4678 inuocauerunt,
1634 4616 1686 4666 θῑθ·
1698 4610 1760 4666 Non

111 4697 222 4753 nabiles
237 4696 354 4752 Domino
380 4695 437 4750 suis
457 4696 595 4752 erroribus
619 4696 806 4752 redderentur,
833 4695 913 4765 Quod
963 4687 1036 4743 enim
1050 4706 1114 4745 vere
1129 4692 1241 4748 inuocat
1256 4693 1410 4759 Dominum,
1429 4695 1475 4766 qul
1493 4696 1629 4753 desiderat
1642 4714 1703 4770 qllae
1721 4698 1760 4754 llll

111 4785 242 4857 teroait,
258 4784 396 4858 usquead
413 4801 513 4850 unum,
531 4786 574 4840 vel
593 4784 729 4856 cumipse
751 4800 807 4841 uno
824 4793 912 4856 potest
962 4777 1115 4848 displicent.
1132 4780 1218 4835 ludaei
1242 4798 1349 4854 quoque
1370 4783 1514 4840 timuerunt
1537 4802 1653 4858 regnum
1672 4795 1760 4844 terre·

112 4874 239 4946 intelligi,
255 4882 284 4930 ut
298 4873 389 4928 nullus
402 4874 543 4930 hominum
553 4874 738 4946 intelligatnr3
755 4874 913 4947 velproeter
962 4883 1028 4921 num
1042 4867 1175 4939 amittere,
1192 4870 1239 4925 ubi
1253 4888 1312 4926 iton
1326 4876 1387 4928 erat
1404 4875 1498 4929 timor.
1516 4875 1645 4931 Dixemnt
1661 4877 1734 4932 enim
1751 4894 1757 4934 :

112 4980 216 5030 unam,
232 4971 261 5018 nt
275 4961 441 5034 intelligatur
456 4963 587 5018 boninus
612 4962 746 5030 caristus,
763 4962 832 5019 sieut
842 4964 912 5020 diet·
961 4955 991 5012 st
1006 4957 1165 5013 dituttimas
1181 4974 1245 5014 eata
1259 4961 1309 5027 sic,
1326 4976 1422 5017 otiatus
1447 4962 1564 5019 crede-nt
1588 4965 1709 5035 ineam,
1733 4972 1762 5025 et

112 5069 175 5108 mus
192 5070 200 5108 :
215 5051 267 5107 iste
281 5066 350 5124 eger
364 5068 451 5124 usque
466 5050 502 5107 ad
512 5068 587 5107 mare
598 5059 649 5119 εει,
674 5068 729 5107 nan
753 5053 847 5124 utique
871 5052 911 5109 si·
961 5046 1078 5101 uenient
1092 5048 1220 5114 llomatu',
1237 5050 1382 5105 attollent
1404 5051 1481 5108 nobis
1496 5056 1524 5107 et
1536 5057 1650 5125 pentem
1664 5059 1694 5112 et
1722 5057 1761 5115 la·

112 5141 170 5197 mul
185 5147 375 5213 computamus
385 5148 411 5196 ει
425 5155 512 5196 mare.
528 5142 563 5195 Et
582 5140 632 5196 iste
648 5148 688 5196 est
710 5141 807 5197 melior
828 5142 910 5197 intel·
962 5149 1027 5190 tutta
1041 5155 1051 5203 ,·
1066 5142 1093 5189 et
1107 5136 1257 5192 amiserunt
1271 5154 1388 5211 regnum
1403 5139 1544 5209 caelorum,
1569 5142 1642 5214 quod
1664 5144 1760 5204 timere

111 5230 338 5296 lectus,utnemo
353 5229 520 5303 intelligatur
534 5229 632 5286 lesisse
654 5229 802 5286 bonitatem
825 5248 911 5304 usqne
962 5221 1122 5278 debuerunt·
1138 5225 1173 5279 Et
1192 5226 1244 5282 1¹00
1266 5228 1300 5282 de
1322 5228 1447 5284 omnibus
1470 5231 1667 5303 temporalibus
1688 5249 1760 5291 com·

111 5319 146 5375 ed
160 5319 308 5387 Christum,
326 5319 390 5393 quia
404 5335 458 5375 non
473 5327 562 5390 potest
571 5320 685 5392 quisque
696 5320 846 5388 hominum,
858 5321 911 5375 nisi
961 5312 1049 5367 modis
1064 5313 1270 5387 intelligendum
1286 5325 1336 5383 εει,
1361 5333 1477 5390 quorum
1499 5320 1675 5379 amissionem
1697 5339 1760 5380 cum

111 5409 171 5481 ipse
186 5409 340 5476 donaverit,
352 5407 442 5464 lacere
453 5408 610 5464 bonitatem.
627 5408 735 5464 Etillnd
751 5426 833 5464 annm
848 5416 908 5464 est:
961 5400 1056 5455 liment
1070 5402 1204 5473 homineS,
1220 5404 1254 5459 ad
1269 5412 1372 5460 uterne
1387 5421 1442 5462 non
1456 5408 1578 5466 veniunt.

112 5497 177 5571 quia
185 5513 328 5570 usquequo
341 5497 454 5571 quisque
468 5506 618 5570 cognoseat
633 5514 716 5554 unum
731 5499 828 5565 Deum,
854 5512 908 5553 non
996 5501 1080 5558 Vens
1098 5505 1123 5557 6.
1140 5533 1174 5544 -
1192 5503 1330 5571 Quoniam
1353 5507 1490 5565 Dominus
1513 5511 1544 5565 in
1566 5511 1757 5582 generatione,

109 5595 202 5661 potest
215 5587 428 5644 lacerebonnm.
960 5595 1013 5645 eto.
1036 5591 1078 5645 Ad
1099 5591 1241 5663 superiora
1262 5592 1387 5665 retertur,
1411 5598 1484 5669 quod
1505 5597 1604 5652 dicitnr
1623 5599 1757 5670 quoniam

145 5676 270 5736 Vmi-
281 5675 731 5749 -ltentinusdecoeloprotpeuit
741 5675 908 5749 supertitios
958 5679 1032 5736 Deus
1046 5681 1078 5736 iu
1092 5682 1274 5754 penetratione
1279 5685 1361 5756 justu
1375 5689 1428 5757 est,
1440 5693 1468 5740 ut
1477 5683 1512 5740 sit
1522 5701 1619 5741 sensus
1636 5702 1642 5742 :
1659 5686 1756 5744 Nonne

253 5773 375 5831 Peritos..
392 5771 487 5831 cxlv.
1614 5784 1650 5845 tt
