3772 6112
71 216 126 272 911

611 205 693 264 vita
720 207 749 264 S.
770 204 872 265 satu
894 205 1048 265 ADDthS.
1073 237 1108 250 -
1129 207 1194 267 LIB.
1222 207 1256 266 1:

75 331 199 392 trunculi
213 326 378 388 interficiunt
393 344 450 396 eos,
464 337 490 386 et
506 328 659 386 auferentes
674 329 762 403 spolia
776 333 918 401 eorunmA
932 331 1021 387 minus
1033 349 1040 388 :
1053 331 1080 386 in
1096 331 1315 405 praedicatoribus
1336 330 1391 388 suis
1402 331 1458 403 jam
1479 332 1583 406 pridem
1605 331 1726 392 contem·

76 423 232 481 discedunt.
251 420 343 476 ltirati
358 426 449 475 autem
465 419 565 475 fratres
579 436 628 477 cur
642 420 735 476 tandiu
750 418 878 476 differant

76 512 180 581 redire,
196 510 306 565 mittunt
320 508 390 564 alios
405 507 451 580 qui
472 524 520 564 eos
540 509 690 580 requirant.
706 509 749 563 llli
761 509 879 583 vestigia

76 617 175 659 eorum
199 598 296 665 secuti,
322 598 431 654 occisos
452 613 500 653 eos
525 597 675 665 inveniunt,
701 605 728 653 et
742 597 880 654 cadavera

76 691 200 763 ipscmm
216 687 273 743 suis
288 685 410 742 humeris
425 685 606 757 imponentes,
624 686 659 740 ad
674 684 773 742 cellam
788 701 881 758 repor-

75 786 147 834 tant.
166 779 241 833 luter
255 778 306 830 lios
321 774 508 848 augustiarum
522 781 548 829 et
559 774 674 830 tristitiae
690 773 798 845 fluctus,
815 791 882 830 nun·

72 868 132 945 1100
142 867 221 923 ducis
233 864 394 931 adveniens,
417 864 451 919 de
462 863 509 919 illo
520 879 567 919 eos
578 863 639 920 1000
649 879 805 920 commeare
815 880 883 935 000-

78 956 162 1029 cepit,
187 970 239 1011 nec
261 953 405 1021 immerito,
432 952 494 1024 quia
509 968 564 1008 non
579 960 620 1007 est
639 953 756 1008 societas
779 953 832 1010 luci
848 952 882 1007 ad

77 1045 220 1103 tenebras.
236 1042 300 1116 Egit
314 1048 404 1096 autem
414 1042 466 1098 hoc
480 1049 539 1097 arte
550 1056 600 1097 sua
615 1040 741 1097 diabolus
755 1048 785 1097 01
798 1058 883 1114 popu·

78 1131 138 1189 lum
153 1149 235 1206 quem
250 1131 278 1186 in
292 1130 440 1203 00000οι10
453 1130 522 1187 10010
538 1129 662 1186 amittere
687 1130 777 1202 ooepit,
793 1131 883 1187 disce·

78 1223 163 1279 dente
187 1220 339 1277 sanctitatis
362 1218 480 1292 fulgore,
507 1219 627 1274 tenebris
650 1228 794 1291 occuparet
809 1220 882 1275 0011-

77 1311 150 1384 quis.
177 1309 269 1367 Sancti
293 1308 377 1382 igitur
391 1307 453 1378 viri,
470 1309 584 1363 moleste
599 1307 719 1364 10000100
731 1308 803 1380 quod
817 1309 883 1365 sede

79 1400 252 1473 pellerentur
268 1397 387 1464 amabili,
399 1397 514 1454 consilio
524 1396 662 1453 communi
672 1397 778 1453 ltaliam
788 1406 881 1470 petere

80 1489 264 1545 decreverunt
275 1506 282 1554 ;
292 1495 318 1542 01
331 1487 397 1541 dum
421 1485 505 1541 nimio
525 1493 682 1544 tenerentur
696 1486 800 1553 dolore,
817 1502 882 1541 san·

78 1586 140 1634 ctus
155 1578 237 1632 Pater
246 1575 431 1631 columbanus
456 1575 498 1630 his
514 1575 603 1631 verbis
617 1575 699 1646 coepit
715 1591 763 1631 eos
779 1590 881 1631 conso·

81 1667 133 1723 lari
148 1684 154 1721 :
172 1664 327 1721 Invenimus
356 1663 476 1735 quidem,
503 1664 612 1735 fratres,

83 1770 195 1812 auream
210 1754 352 1821 concham,
369 1751 418 1808 sed
429 1753 568 1808 venenatis
580 1752 752 1824 serpentibus
761 1752 880 1824 plenam.

82 1844 170 1901 Cedat
190 1851 279 1897 tamen
305 1840 417 1896 tristitia
440 1841 558 1915 languor
582 1840 704 1910 exitialis,
730 1841 792 1914 quia
806 1849 882 1899 certa

83 1925 238 1985 0011010010
252 1926 287 1980 de
302 1924 402 1981 auxilio
415 1925 588 1996 protectoris.
601 1926 675 1981 Deus
690 1926 762 1981 enim
776 1926 883 1983 001000-

83 2017 174 2073 vimus
188 2015 318 2089 angelum
335 2031 414 2069 suum
427 2014 513 2070 mittet
528 2014 681 2082 nobiscum,
697 2015 744 2088 qui
757 2031 809 2071 nos
822 2032 883 2088 per·

85 2106 168 2162 ducat
182 2104 218 2159 ad
242 2102 417 2177 Agilolphum
440 2103 684 2175 Langobardorum
707 2121 811 2178 regem,
836 2105 883 2161 ubi

83 2195 145 2265 ejus
160 2192 302 2251 clementia
316 2200 488 2264 praeparaute
498 2193 631 2249 humanos
652 2191 766 2250 affectus
776 2201 803 2250 et
815 2208 883 2265 pace

85 2282 198 2357 plenum
211 2280 387 2338 habitationis
399 2280 490 2338 locum
504 2281 685 2339 inveniemus.

927 430 999 494 ptus,
1016 422 1079 477 dum
1105 422 1309 478 conversionem
1333 432 1505 495 peccatorum
1528 423 1648 494 sustinet,
1674 425 1726 483 do·

929 517 1033 568 ctorem
1047 528 1082 568 00
1095 520 1215 568 errantes
1230 511 1338 569 deserat
1350 512 1459 569 retinet.

1255 657 1368 713 CAPUT
1387 657 1423 712 X.

931 775 1092 833 insinuatio
1107 775 1253 833 ftittibotdi
1265 776 1377 834 01100001
1387 776 1420 832 de
1432 776 1490 834 1000
1505 777 1642 834 0011100110
1654 775 1730 833 1011·

1041 865 1167 932 tutionis,
1184 883 1268 939 quom
1284 866 1326 921 cir
1339 866 1453 922 Dcntini
1469 865 1653 923 desiderabat.

967 988 1105 1044 Diaconos
1137 989 1225 1062 itaque
1259 990 1397 1061 saepedicti
1429 990 1589 1062 presbyteri,
1618 989 1728 1048 nomine

933 1076 1103 1145 lliltiboldus,
1129 1094 1223 1134 omnes
1250 1080 1332 1134 eremi
1348 1079 1457 1135 semitas
1478 1088 1558 1136 notas
1572 1079 1689 1134 babebat
1703 1088 1730 1135 01

932 1182 1058 1223 00000000
1071 1185 1078 1234 ;
1091 1166 1196 1222 solebat
1209 1167 1283 1223 enim
1306 1168 1421 1240 piscium
1436 1177 1463 1224 et
1476 1168 1633 1240 accipitrum
1647 1183 1729 1225 causa

931 1255 1126 1326 capiendorum
1137 1257 1236 1328 saepius
1247 1257 1417 1312 solitudinem
1429 1257 1584 1329 pervagari,
1592 1264 1730 1314 etsecreta

931 1344 1052 1400 locorum
1066 1362 1117 1400 usn
1140 1346 1295 1417 quotidiano
1323 1346 1489 1417 perdiscere.
1513 1346 1581 1403 Huic
1603 1362 1663 1403 cum
1688 1346 1731 1403 vir

932 1441 1041 1490 sanctus
1056 1433 1249 1490 familiaritatis
1264 1451 1320 1490 000
1334 1435 1452 1507 gratiam
1467 1435 1643 1505 praestitisset,
1660 1451 1732 1508 quas·

932 1521 994 1576 sivit
1008 1523 1042 1578 ab
1056 1538 1090 1579 eo
1104 1540 1138 1578 an
1167 1522 1315 1580 invenisset
1343 1540 1460 1596 unquam
1476 1523 1503 1578 in
1515 1523 1660 1579 solitudine
1687 1524 1731 1580 lo·

932 1625 993 1666 cum
1007 1612 1085 1684 aquis
1110 1612 1292 1668 abundantem
1311 1613 1387 1683 puris
1398 1621 1424 1668 et
1440 1611 1604 1682 salubribus,
1620 1611 1731 1684 planitie

641 1664 684 1719 his
707 1664 736 1718 in
758 1663 881 1736 partibus
896 1695 1059 1770 Batratum,
1076 1708 1102 1757 et
1117 1702 1242 1756 humanis
1265 1701 1382 1757 cultibus
1404 1708 1596 1774 opportunum.
1613 1701 1731 1757 Deside-

932 1787 982 1858 rio,
1004 1789 1140 1860 inquiens,
1165 1790 1248 1845 animi
1258 1789 1389 1847 ferventis
1413 1796 1541 1861 exastuo,
1565 1791 1678 1862 cupiens
1704 1789 1733 1846 in

933 1877 1080 1933 solitudine
1101 1879 1200 1935 ducere
1223 1879 1283 1934 dies
1306 1879 1369 1935 huic
1391 1879 1453 1935 vitae
1477 1895 1635 1946 concessos,
1657 1879 1733 1947 jnxta

934 1966 1007 2039 quod
1030 1966 1175 2023 Psalmista
1198 1967 1354 2038 pronuntiat
1375 1967 1492 2023 dicens:
1513 1971 1581 2024 11000
1605 1968 1734 2041 elongavi

933 2056 1046 2127 fugiens
1061 2060 1090 2111 01
1105 2058 1201 2112 mansi
1214 2057 1246 2111 in
1260 2057 1424 2113 solitudine.
1449 2057 1656 2130 Despectabnm
1668 2073 1734 2113 curn

934 2144 982 2218 qui
991 2145 1153 2201 satoumrns
1163 2148 1280 2216 [000νο1,
1294 2145 1435 2217 etreliqua
1446 2145 1538 2217 (Psoi.
1553 2161 1599 2200 001
1607 2144 1627 2215 ).
1639 2144 1734 2202 Diaco-

934 2249 985 2288 000
999 2233 1151 2304 respondit:
1175 2234 1249 2301 llaec,
1267 2250 1283 2289 o
1298 2235 1389 2301 Pater,
1407 2234 1525 2290 solitudo
1540 2233 1619 2306 aquis
1634 2241 1675 2289 est
1689 2234 1734 2288 in-

933 2320 995 2377 fusa
1017 2321 1218 2393 frequentibus,
1248 2322 1395 2395 asperitate
1429 2322 1567 2389 terribilis,
1597 2322 1733 2378 montibus

934 2408 1016 2482 plena
1039 2410 1187 2482 praecelsis,
1212 2412 1335 2483 angustis
1359 2409 1475 2467 vallibus
1490 2410 1620 2480 flexuosa,
1638 2410 1734 2466 bestiis

935 2515 1065 2571 possessa
1081 2500 1249 2555 saevissimis.
1259 2501 1330 2556 Nam
1344 2508 1444 2571 praeter
1457 2507 1590 2557 cervoset
1600 2499 1735 2556 innocuo-

90 2584 218 2655 Quuttter
231 2580 437 2664 discedentibus
450 2581 560 2636 coeteris
581 2579 678 2664 101100
691 2579 722 2636 01
735 2579 887 2665 infirmita·
936 2605 996 2644 rom
1010 2604 1110 2661 greges
1126 2588 1294 2656 animalium,
1309 2604 1390 2645 ursos
1400 2589 1489 2663 gignit
1495 2589 1636 2662 plurimos,
1652 2604 1734 2658 apros

124 2658 182 2712 1οΜ
197 2655 378 2717 'mamm’
398 2667 506 2725 imque
525 2652 711 2708 “dumea
731 2651 886 2710 Wimmaw
936 2675 1157 2744 innumerabiles,
1182 2677 1261 2749 lupos
1288 2694 1429 2735 numerum
1456 2678 1630 2744 excedentes,
1659 2676 1734 2734 00110

122 2723 282 2799 iimitem
297 2726 426 2796 'mmm
441 2727 491 2778 ἠ’
937 2765 1202 2839 singularesl'imeo
1221 2767 1302 2840 igitur
1323 2783 1358 2823 00
1377 2767 1400 2822 01
1418 2775 1444 2823 10
1462 2766 1528 2824 illuc
1542 2766 1686 2832 induxero,
1697 2766 1732 2822 ab

389 2431 502 2490 CAPUT
520 2433 569 2488 tx.

123 2858 260 2915 Posthac
283 2855 377 2929 igitur,
394 2871 455 2911 cum
469 2852 660 2927 proficiscendi
679 2862 788 2927 tempus
802 2855 887 2911 insta-
936 2854 1221 2923 hujusmodihostibus
1244 2855 1396 2913 devoreris.
1417 2856 1459 2912 Ad
1470 2857 1529 2912 haec
1544 2855 1587 2911 vir
1600 2862 1710 2911 0000100
1727 2872 1734 2910 :
1821 2911 1824 2917 ,

89 2954 144 3016 001,
158 2947 267 3002 beatum
290 2943 400 3000 Gallum
423 2943 564 3015 repentina
578 2942 663 3000 febris
677 2943 789 3001 invasit.
808 2944 886 3001 Unde
937 2944 1070 3014 Apostoli,
1095 2944 1191 3016 inquit,
1216 2945 1350 3001 sententia
1372 2953 1434 3001 est:
1449 2944 1478 3001 Si
1491 2947 1564 3001 Deus
1579 2960 1629 3018 pro
1644 2945 1732 3012 000110,

88 3036 194 3093 abbatis
207 3035 250 3090 sui
271 3033 387 3107 pedibus
410 3032 562 3099 advolutus,
587 3032 716 3090 indicavit
730 3050 760 3090 se
773 3033 922 3120 infirmi-C
938 3035 1000 3105 quis
1008 3037 1108 3090 renim
1117 3050 1168 3090 nos
1179 3034 1193 3104 (
1197 3036 1273 3090 Rom.
1285 3033 1371 3104 vru)‘t
1380 3035 1423 3101 Et,
1433 3034 1543 3090 Scimus
1551 3035 1686 3103 quoniam
1693 3033 1736 3090 di·

89 3135 145 3182 tate
158 3123 312 3183 vehementi
325 3123 462 3193 laborare,
474 3130 501 3178 et
511 3121 572 3177 ideo
586 3121 638 3177 iter
651 3122 819 3195 propositum
830 3138 887 3179 non
941 3120 1090 3193 1100011100
1096 3122 1733 3196 10000000100000000010010100001(1111.).

87 3231 169 3290 00000
184 3211 376 3286 0001000011Ιο
391 3226 456 3269 vero
471 3210 628 3266 existimans
643 3227 763 3284 cumpro
777 3212 884 3269 labori·
939 3209 992 3279 Qui
1015 3211 1158 3267 Danielem
1180 3210 1304 3268 liberavit
1327 3211 1362 3267 de
1387 3211 1447 3267 lacu
1461 3211 1580 3277 leonum,
1605 3218 1695 3283 potest
1710 3219 1737 3268 01

90 3305 143 3360 100
156 3303 258 3360 ibidem
270 3299 491 3358 consummandis
499 3315 593 3355 amore
608 3298 661 3356 1001
675 3300 823 3369 detentum,
838 3300 889 3357 viae
938 3314 983 3354 me
1004 3299 1113 3370 eripere
1135 3301 1169 3357 de
1185 3316 1268 3357 manu
1283 3301 1445 3356 bestiarum.
1466 3300 1515 3356 Cui
1530 3299 1661 3356 diaconus
1677 3301 1739 3356 baec

91 3391 225 3467 longioris
238 3392 392 3447 detrectare
407 3389 540 3460 laborem,
557 3387 621 3445 dicit
636 3389 661 3444 ei
679 3407 686 3443 :
704 3389 776 3457 Scio,
792 3389 887 3456 frater,

88 3483 146 3553 iam
161 3482 208 3536 tibi
223 3496 370 3536 onerosum
384 3495 445 3536 esse
460 3478 542 3533 tantis
556 3494 607 3551 pro
622 3494 666 3534 me
681 3477 821 3535 laboribus
833 3477 890 3534 fati·

83 3571 154 3645 gari
166 3589 172 3626 :
184 3578 274 3626 tamen
285 3569 337 3625 hoo
345 3567 518 3625 discessurus
530 3566 668 3635 denuntio,
679 3583 714 3624 ne
724 3583 767 3623 me
782 3567 889 3624 vivente

90 3661 259 3731 incorpore,
275 3657 387 3713 missam
403 3655 541 3714 celebrare
563 3671 723 3727 praesumas.
740 3657 773 3710 111
788 3671 849 3712 oum
864 3655 889 3712 ei

92 3748 230 3806 licentiam
245 3762 294 3818 per
308 3762 338 3801 00
353 3745 532 3802 conversandi
547 3744 677 3812 dedisset,
693 3744 765 3802 viam
778 3744 889 3817 ingres·

92 3855 141 3895 sus
156 3845 196 3894 est
210 3834 338 3893 abeundi.
350 3836 414 3890 Post
421 3835 560 3891 discessus
570 3834 696 3908 magistri
706 3842 733 3889 01
742 3834 888 3901 sociomm,

93 3927 190 3984 Gallus
204 3925 273 3982 retia
288 3940 336 3980 sua
347 3932 373 3980 et
383 3939 513 3996 sagenam
523 3924 585 3980 navi
600 3923 752 3996 imponens,
769 3923 804 3978 ad
819 3921 891 3980 Wil-

938 3387 1098 3460 respondit:
1110 3389 1223 3444 11111010
1237 3406 1333 3460 peram
1348 3399 1421 3444 tuam
1435 3389 1539 3446 cibaria
1556 3396 1583 3445 01
1598 3396 1656 3447 0010
1670 3405 1738 3461 par-

939 3476 1091 3543 vissimum,
1115 3494 1176 3533 cras
1200 3478 1272 3533 enim
1287 3478 1456 3536 introducam
1471 3478 1539 3534 1010
1559 3494 1682 3535 eremum
1694 3497 1701 3546 ;
1713 3486 1739 3535 et

940 3565 964 3622 si
986 3565 1123 3623 inveneris
1146 3565 1238 3622 locum
1260 3565 1308 3621 tibi
1328 3566 1534 3638 acceptabilem,
1559 3581 1612 3640 age
1635 3566 1738 3640 gratias

939 3655 1008 3723 Deo,
1024 3663 1051 3711 et
1064 3655 1193 3727 precepti
1216 3653 1351 3711 Dominici
1376 3654 1482 3726 comple
1505 3654 1640 3728 rigorem.
1664 3656 1738 3711 Deus

939 3753 1030 3801 autem
1055 3743 1101 3816 qui
1125 3743 1217 3799 eduxit
1230 3751 1258 3799 te
1271 3742 1306 3798 da
1321 3742 1433 3815 regione
1446 3742 1607 3815 longinqua,
1623 3743 1682 3814 ipse
1697 3743 1738 3799 si-

940 3842 983 3890 cut
998 3832 1089 3889 Tobiae
1104 3831 1204 3888 famulo
1219 3847 1268 3888 suo
1279 3832 1405 3889 comitem
1416 3830 1523 3888 coelitus
1537 3832 1620 3899 dedit,
1637 3831 1674 3887 ita
1687 3848 1738 3888 an-

940 3921 1032 3994 gelum
1046 3938 1125 3978 suum
1146 3922 1232 3977 mittet
1252 3921 1404 3988 nobiscum,
1422 3929 1449 3977 et
1463 3920 1590 3978 ostendet
1602 3920 1682 3977 nobis
1695 3920 1739 3979 lo·

92 4016 219 4073 limarum
241 4013 431 4087 presbytemm
455 4012 539 4079 veuit,
565 4020 591 4068 01
613 4028 674 4068 cum
698 4000 840 4068 obtulisset
865 4011 891 4068 ei
940 4028 1002 4069 cum
1025 4011 1168 4068 desideriis
1194 4010 1356 4066 salutaribus
1370 4018 1473 4083 aptum.
1488 4009 1575 4086 Igitur
1588 4010 1739 4068 virbeatus

92 4104 173 4172 retia,
189 4103 260 4159 inter
274 4102 408 4174 lacrymas
418 4108 444 4157 et
455 4101 582 4173 suspiria,
598 4100 713 4157 retexuit
727 4100 817 4157 omnia
831 4116 891 4174 000
941 4101 984 4157 die
1009 4101 1107 4157 eodem
1128 4100 1238 4169 ieiunus
1263 4100 1422 4172 permansit,
1439 4107 1466 4156 et
1480 4116 1567 4173 usque
1580 4101 1615 4156 ad
1628 4099 1739 4156 alterius

94 4202 173 4268 gesta
188 4192 292 4249 fuerant
305 4192 378 4248 circa
393 4189 491 4247 fratres
514 4206 589 4246 suos.
605 4190 711 4246 Deinde
724 4189 890 4246 infirmitatis
940 4189 995 4246 diei
1020 4189 1168 4247 diluculum
1183 4189 1210 4244 10
1225 4189 1396 4246 orationibus
1417 4189 1596 4260 pernoctavit.
1619 4188 1739 4262 Dignum

93 4300 151 4341 suae
165 4299 262 4340 causas
286 4279 422 4353 aperiens,
438 4280 545 4352 rogavit
561 4296 623 4336 eum
637 4287 666 4335 ut
681 4279 723 4335 sui
736 4295 831 4336 curam
846 4278 890 4334 di-

93 4379 223 4450 gnaretur
246 4370 359 4427 habere.
386 4368 438 4438 Qui
468 4368 620 4441 suscipiens
647 4385 710 4424 eum
732 4383 793 4426 eum
817 4367 891 4425 omni

94 4459 234 4519 charitatis
255 4459 397 4531 obsequio,
422 4459 533 4515 domum
547 4457 665 4514 vicinam
687 4456 810 4514 ecclesiae
832 4457 892 4526 ejus

93 4547 251 4607 necessitati
266 4548 411 4614 concessit,
423 4554 450 4603 et
464 4546 570 4602 duobus
585 4545 692 4603 clericis
707 4545 763 4602 suis
778 4547 893 4619 110000-

95 4639 159 4696 0110
173 4646 200 4694 01
212 4636 356 4693 Theodoro
369 4637 441 4692 hanc
455 4635 665 4692 sollicitudinem
682 4635 890 4704 commendavit,

94 4736 125 4785 ut
139 4743 201 4784 cum
217 4726 290 4783 omni
305 4725 446 4800 diligentia
460 4725 518 4794 ejus
531 4722 730 4796 recuperationi
745 4724 890 4780 servirent.

94 4816 207 4874 Exactis
230 4815 331 4888 aliquot
354 4814 462 4881 diebus,
487 4813 614 4882 Domino,
639 4813 685 4885 qui
708 4813 831 4870 medicus
852 4820 893 4869 est

93 4923 187 4974 verus,
203 4904 338 4961 medelam
357 4902 537 4975 impertiente,
554 4902 636 4975 coepit
651 4918 760 4960 sumere
775 4902 893 4971 cibos,et

94 5011 146 5070 per
168 4995 335 5052 incrementa
357 5001 510 5064 temporum
539 4991 718 5059 confortatus,
743 4991 893 5064 perfectam

95 5085 222 5155 indeptus
245 5090 287 5138 est
310 5081 465 5137 sanitatem.
494 5079 517 5136 O
543 5079 725 5137 infirmitatem
751 5081 825 5137 omni
843 5082 894 5136 100-

95 5188 178 5229 mano
200 5172 302 5228 robore
324 5167 628 5226 fortioremlofebrem
652 5170 727 5226 omui
750 5170 829 5227 lande
844 5186 893 5228 co-

92 5262 204 5320 lendam
216 5260 222 5317 1
234 5277 251 5318 0
264 5260 426 5335 languorem
450 5259 559 5314 sanitati
573 5266 600 5315 et
614 5258 720 5331 gaudiis
735 5260 894 5316 adscriben-

95 5353 161 5408 dum
174 5349 180 5406 1
191 5349 325 5421 Exemplo
348 5348 421 5404 enim
444 5347 553 5404 Domini
577 5363 627 5418 pro
642 5348 720 5403 nobis
737 5347 829 5404 Gallus
844 5349 893 5405 do·

95 5441 155 5507 luit,
171 5448 201 5495 ut
213 5439 362 5494 animarum
376 5437 488 5493 morbos
502 5437 696 5509 praedicatione
712 5452 790 5494 sacra
804 5438 893 5509 depel-

93 5531 163 5586 leret
179 5547 186 5583 ε
202 5528 243 5584 100
269 5543 330 5583 cum
345 5526 479 5601 magistro
493 5542 549 5582 non
562 5525 658 5598 potuit,
674 5533 703 5581 ut
718 5526 797 5582 nobis
821 5527 894 5583 viam

95 5617 218 5677 veritatis
238 5616 405 5675 ostenderet.
422 5615 494 5674 Vere
508 5616 614 5691 patiens
628 5623 655 5674 et
668 5614 822 5677 misericors
835 5617 893 5676 Do·

941 4279 1041 4351 quippe
1055 4287 1113 4335 erat
1122 4286 1152 4334 ut
1162 4278 1235 4352 quod
1248 4277 1341 4335 divino
1353 4277 1499 4335 inchoabat
1512 4293 1616 4346 amore,
1632 4277 1738 4335 instau-

940 4368 1046 4426 tissima
1060 4385 1143 4441 prece
1160 4367 1278 4425 Domino
1294 4368 1507 4425 commendaret.

1243 4484 1356 4542 CAPUT
1374 4485 1427 4539 Χ1.

945 4603 1080 4674 Quomodo
1093 4617 1158 4658 eum
1170 4601 1287 4658 11100000
1301 4601 1445 4657 desertum
1463 4604 1629 4674 penetrans,
1657 4604 1739 4674 opto-

979 4693 1041 4744 1000
1056 4688 1197 4760 repererit
1215 4688 1308 4743 iocum
1326 4686 1433 4759 sibique
1449 4687 1638 4760 praeelegerit,
1661 4689 1689 4742 et
1706 4686 1740 4742 dc

970 4776 1128 4835 odedientia
1142 4776 1217 4832 ursi.

978 4894 1048 4949 Dum
1073 4899 1163 4948 autem
1187 4889 1284 4948 lucifer
1305 4906 1355 4947 suo
1378 4905 1507 4962 processa
1525 4889 1614 4946 noctis
1627 4889 1740 4946 latibula

943 4982 1101 5048 detexisset,
1118 4989 1145 5036 01
1155 4980 1196 5036 001
1206 4979 1336 5036 101001000
1352 4979 1501 5047 dimittens,
1517 4995 1599 5036 cursu
1609 4986 1741 5038 consueto

944 5072 1101 5144 superiores
1117 5070 1191 5126 orbis
1206 5069 1304 5142 plagas
1328 5068 1467 5136 inviseret,
1484 5069 1650 5144 igneumque
1662 5071 1742 5140 jubar

944 5161 978 5217 ab
993 5159 1106 5217 orientis
1134 5175 1184 5215 exe
1212 5158 1374 5214 mortalibus
1400 5158 1611 5231 demonstraret,
1640 5160 1740 5216 athleta

944 5250 994 5308 Dei
1018 5265 1051 5306 ea
1075 5265 1136 5320 qnae
1159 5248 1256 5304 ductor
1279 5264 1344 5303 suus
1357 5247 1463 5304 (1100001
1477 5264 1570 5306 secum
1584 5265 1737 5317 assumens,

944 5356 1006 5398 cum
1019 5337 1148 5395 orationis
1161 5335 1360 5405 benedictione,
1376 5337 1423 5393 illo
1438 5347 1587 5410 praeunte,
1603 5338 1675 5395 viam
1688 5353 1740 5410 ag-

944 5445 1059 5502 gressus
1082 5435 1132 5483 est.
1158 5427 1278 5499 Cumque
1294 5443 1342 5498 per
1356 5434 1440 5482 totum
1464 5428 1536 5484 diem
1549 5426 1601 5481 iter
1615 5432 1737 5499 agerent,

944 5519 1016 5576 circa
1031 5519 1125 5572 boram
1140 5531 1240 5570 nonam
1261 5515 1329 5571 dixit
1342 5515 1474 5573 diaconus
1487 5534 1493 5570 :
1505 5517 1592 5579 Pater,
1608 5513 1675 5568 hora
1689 5528 1737 5569 re·

943 5605 1069 5666 iectionis
1086 5605 1144 5677 iam
1166 5604 1274 5668 instat:
1293 5622 1430 5665 sumamus
1452 5602 1591 5679 paululum
1619 5601 1739 5681 pauloet
