3772 6112
158 235 160 238 ⁴
180 253 233 308 arc
488 243 691 301 wmnvnmr
704 241 827 299 srnlor
841 241 942 303 nuto.
957 238 1045 298 uorr.
1060 239 1137 299 ora.
1157 241 1247 302 raas
1261 241 1282 299 r.
1301 270 1334 288 -
1347 240 1584 300 sanctonum.
1780 247 1830 303 ac

180 374 290 448 quando
303 377 413 443 pastum
428 368 533 442 quaerit,
546 384 606 423 eum
631 368 718 423 innuit
742 367 787 440 qui
806 366 835 423 in
856 365 1012 428 tenebrisA
1025 372 1079 423 tem
1094 382 1203 439 semper
1211 366 1329 437 laborat,
1340 382 1388 424 eos
1394 367 1529 424 denotans
1543 366 1590 440 qui
1599 366 1828 474 ingluviemven·

180 469 353 537 peccatorum
376 466 500 515 versatur
523 465 549 512 et
571 456 701 528 pascitur.
725 457 874 531 mergulus,
898 456 978 530 nigra
1028 456 1077 511 tris
1092 464 1251 528 sequuntur,
1268 465 1295 513 et
1311 477 1323 507 ι
1340 471 1456 528 quorum
1470 458 1546 513 Deus
1564 464 1666 556 venter
1681 465 1724 513 est
1744 459 1827 531 (Pbrf.

179 552 247 620 avis,
264 549 363 622 mergit
377 563 408 604 se
437 546 488 602 sub
498 561 583 618 aquas
592 545 685 617 pisces
696 561 828 618 quarere.
844 544 976 601 Dubiusal
1027 544 1105 618 ru).»
1123 546 1164 602 De
1178 545 1315 602 crocodilo
1327 544 1390 600 dicit
1405 544 1508 601 Plinius
1524 562 1531 603 ε
1548 546 1728 645 crocodilum
1749 547 1828 647 babet

180 641 224 698 vel
237 638 336 696 alacfra
345 637 389 693 vel
404 643 432 690 tu
447 634 496 690 afri
510 643 523 670 ⁸
537 650 585 691 eos
599 634 726 706 designat
740 633 827 707 quiin
842 634 978 706 baptismo
1026 633 1114 705 Nilus,
1131 634 1287 707 quadrupes
1301 633 1412 702 malum,
1427 641 1455 690 et
1466 641 1536 690 terra
1546 642 1652 735 pariter
1666 651 1700 691 ac
1718 634 1825 694 tlrtmtnc

178 728 267 787 renati
281 734 352 797 sunt,
369 723 418 782 sed
442 721 535 779 infima
557 723 693 780 desideria
717 730 848 795 appetunt
870 723 974 780 mundi.
1026 721 1164 779 infestum.
1181 725 1270 781 Unum
1279 723 1332 780 hoc
1348 723 1448 823 animal
1462 731 1593 823 terrestre
1602 723 1773 824 'hagana-usu
1784 741 1826 781 ca·

180 818 249 884 Ibin,
265 815 323 872 avis
337 815 365 869 in
379 811 469 870 Africa
484 812 597 884 longum
615 820 733 869 rostrum
755 812 870 868 babens.
895 813 976 868 Joae-
1026 819 1078 868 ret.
1095 812 1185 868 Unum
1200 811 1334 883 superiori
1351 811 1445 869 mobtlr
1460 812 1579 911 ‘manha
1600 821 1735 913 rmprrmrt
1755 829 1824 914 mor-

176 908 247 979 phus
262 903 336 960 :lbis
351 909 392 958 est
402 900 504 958 animal
517 901 689 973 serpentibus
699 899 838 956 inimicum
850 918 858 968 3
869 898 977 974 fugiunt
1026 915 1096 969 sum,
1113 899 1180 956 alias
1193 898 1305 956 terribili
1330 899 1379 973 [al.
1402 900 1574 975 terribileml,
1594 910 1759 1001 pectrnrmm
1778 910 1825 958 atr·

176 994 249 1052 enim
264 992 304 1049 eis
327 990 535 1048 advenientibus
560 997 586 1046 ct
610 1006 641 1046 se
664 988 754 1046 celare
774 988 877 1060 volunt,
903 988 976 1045 velut
1024 996 1107 1060 paute
1127 987 1297 1045 sedentium
1321 988 1404 1046 seria.
1427 989 1615 1062 Magnitudine
1640 991 1751 1048 excedit
1768 990 1824 1064 plc-

177 1083 242 1140 ilatu
266 1097 410 1138 cervorum
429 1080 547 1151 abreptae
578 1079 767 1134 devorantur:
796 1076 856 1134 ibes
884 1085 976 1135 autem
1025 1092 1139 1149 rumque
1162 1076 1349 1149 duodeviginti
1362 1077 1477 1135 cubitos.
1494 1079 1567 1135 Parit
1581 1095 1633 1136 ova
1649 1087 1755 1152 manta
1781 1095 1825 1180 an·

175 1171 255 1229 valde
274 1179 337 1226 sunt
360 1175 509 1225 mansuetae
516 1167 544 1223 in
567 1184 679 1241 genere,
703 1173 794 1224 tamen
817 1167 976 1240 serpentino
1024 1181 1110 1222 seres.
1126 1165 1269 1239 Unguibus
1283 1174 1501 1224 autemanuatus
1512 1176 1556 1224 est
1568 1175 1666 1225 contra
1679 1183 1777 1269 omnes
1791 1183 1825 1226 rc·

176 1259 292 1319 femces.
308 1257 410 1315 Plinius
426 1273 432 1313 :
449 1257 580 1313 Invocant
594 1264 621 1312 et
634 1256 745 1329 Egyptii
756 1257 815 1314 ibes
830 1273 893 1313 snas
906 1272 975 1313 con·
1026 1260 1068 1310 tus
1082 1262 1144 1311 cute
1158 1254 1269 1311 invicta.
1286 1255 1351 1311 Dies
1365 1255 1393 1310 in
1404 1264 1476 1312 terra
1489 1257 1554 1331 agit,
1573 1266 1672 1315 noctes
1686 1274 1717 1358 tn
1731 1272 1822 1357 'aqua

170 1356 218 1405 tra
233 1346 400 1420 serpentium
415 1345 572 1412 adveutum,
589 1353 616 1401 et
632 1344 692 1400 Elei
720 1346 892 1421 llusagorem
906 1345 973 1419 ptt,
1024 1344 1127 1400 Eorum
1141 1344 1212 1417 gerit
1226 1341 1342 1416 figuram
1351 1344 1402 1443 qui
1417 1345 1538 1445 exomni
1551 1354 1629 1446 parte
1641 1356 1757 1446 ‘saevrua
1777 1363 1823 1405 ve·

175 1434 328 1511 llyiagronl
344 1436 435 1506 deum,
451 1449 604 1490 muscarum
613 1434 975 1507 multitudine'pestilcntiam
1024 1431 1148 1501 suuntur,
1165 1447 1282 1505 quorum
1296 1433 1424 1488 duritiam
1435 1433 1519 1534 drvrnr
1534 1434 1618 1534 Verba
1636 1434 1761 1505 Jaculum
1774 1451 1824 1493 non

179 1527 321 1592 offerente,
338 1540 398 1597 quae
411 1523 537 1596 protinus
551 1524 686 1579 intereunt
705 1540 786 1595 quam
808 1525 912 1580 litatum
936 1530 977 1581 est
1024 1528 1159 1592 penetrat,
1174 1529 1238 1585 etc„
1256 1538 1317 1595 quae
1331 1520 1420 1577 forma
1434 1523 1513 1592 buJus
1532 1522 1628 1579 besua
1642 1523 1819 1624 demonstrat.

176 1617 201 1674 ei
217 1617 279 1673 dec.
296 1614 407 1686 Cygnus
422 1621 449 1669 et
463 1611 645 1679 onocrotalus,
662 1629 723 1683 quae
741 1613 857 1669 sonitum
873 1613 976 1670 faciunt
1024 1609 1196 1667 Cbamelaeou
1211 1625 1266 1665 non
1283 1610 1364 1666 habet
1384 1627 1468 1666 unum
1491 1610 1624 1683 colorem,
1640 1613 1699 1711 ‘aed
1720 1613 1824 1672 diversa

172 1705 202 1762 in
212 1720 292 1778 aquo,
309 1711 372 1758 sunt
386 1701 405 1757 ii
420 1701 466 1774 qui
480 1702 509 1755 in
524 1701 614 1773 quiete
627 1700 710 1757 vitam
724 1702 824 1759 ducere
832 1702 965 1774 nesciunt,
979 1726 1007 1789 Β
1024 1705 1066 1754 cst
1084 1698 1213 1754 varietate
1237 1714 1403 1771 conspersus
1424 1707 1454 1756 ut
1476 1699 1588 1772 pardus.
1612 1702 1710 1758 Dictus
1739 1711 1823 1761 autem

175 1794 238 1851 licet
262 1792 316 1848 sint
335 1791 365 1846 in
387 1789 524 1861 baptismo
545 1789 678 1845 mundati.
704 1790 807 1847 Plinius
834 1806 899 1848 vero
914 1791 972 1848 ita:
1023 1786 1072 1854 ito,
1087 1786 1160 1860 quod
1173 1787 1253 1857 hujus
1267 1788 1469 1845 chameleontis
1489 1788 1685 1861 corpusculum
1701 1791 1737 1846 ad
1752 1791 1823 1849 colo-

176 1881 292 1940 Olorum
304 1878 507 1934 similitudinem
521 1877 672 1934 onocrotali
686 1878 797 1946 habeut,
808 1894 860 1937 nec
871 1879 974 1936 distare
1024 1891 1070 1932 res
1093 1875 1219 1932 diversos
1241 1875 1372 1932 facillimo
1392 1878 1572 1934 conversione
1595 1879 1732 1949 variatur,
1755 1879 1822 1953 quod

176 1971 376 2028 estimarentur
398 1966 518 2036 omnino,
544 1965 597 2021 nisi
619 1965 741 2023 saucibus
764 1966 850 2039 ipsius
873 1967 974 2025 inesset
1023 1962 1137 2019 oliorum
1152 1963 1311 2021 animalium
1324 1980 1380 2021 non
1394 1972 1435 2020 est
1449 1965 1545 2022 istaad
1559 1967 1821 2069 conversionemfc·

175 2058 286 2115 alterius
309 2054 379 2112 uteri
414 2071 513 2128 genus.
546 2055 605 2110 Huc
628 2055 717 2110 omnia
736 2054 899 2126 inexplebile
915 2056 973 2113 ani·
1023 2051 1083 2109 cilis
1095 2053 1276 2125 corpulentia.
1292 2052 1433 2128 Significat
1447 2064 1536 2111 autern
1560 2056 1717 2125 instabiles,
1735 2075 1781 2157 qur
1795 2074 1820 2114 ur

176 2145 232 2203 mal
260 2143 393 2216 congerit,
424 2143 495 2198 mira
522 2149 551 2197 ut
565 2141 599 2196 sit
615 2142 763 2214 capacitas.
774 2146 836 2199 llox
850 2144 973 2216 perfecta
1022 2141 1144 2197 omnium
1154 2141 1282 2199 vitiorum
1304 2142 1385 2199 devia
1408 2152 1559 2215 raptantur.
1582 2145 1695 2218 llygale
1715 2146 1821 2219 qrndnm

175 2236 269 2307 rapina
283 2233 386 2290 sensim
400 2231 429 2286 iu
456 2246 487 2288 os
501 2231 614 2300 reddita,
625 2231 654 2286 in
672 2247 767 2287 veram
780 2232 870 2289 alvum
884 2233 972 2290 rumi-
1021 2229 1114 2287 dsunt
1129 2232 1256 2288 haramo.
1274 2231 1378 2301 Stelli0,
1390 2232 1478 2289 bestia
1485 2242 1632 2301 venenata,
1648 2235 1679 2291 id
1689 2244 1733 2292 est
1739 2252 1821 2311 genus

174 2324 263 2381 nantis
277 2337 352 2378 more
365 2320 457 2377 refert.
474 2318 563 2376 Gallia
572 2320 622 2375 hos
633 2320 843 2391 septentrionali
849 2322 972 2393 proxima
1022 2317 1131 2375 lacerta
1144 2318 1188 2375 vel
1202 2322 1281 2389 moll,
1293 2326 1322 2376 ut
1337 2320 1383 2377 alii
1398 2321 1500 2378 volunt.
1516 2321 1584 2392 Quae
1599 2333 1731 2398 utraque,
1742 2324 1771 2383 id
1783 2332 1821 2382 est

175 2412 285 2470 Oceano
301 2409 389 2464 mittit.
406 2407 566 2481 Porphyrio,
583 2408 734 2465 secundum
753 2409 880 2478 Plinium,
897 2411 972 2467 solus
1021 2409 1131 2480 mygale
1145 2416 1187 2465 est
1198 2409 1296 2477 stellio,
1313 2410 1436 2482 quamvis
1450 2410 1503 2466 sint
1517 2411 1636 2482 infirma,
1653 2421 1750 2470 tamen
1762 2422 1822 2471 sunt

174 2518 268 2559 morsu
283 2499 360 2566 bibit,
378 2497 405 2553 id
420 2505 460 2553 est
476 2496 589 2568 proprio
613 2513 724 2570 genere,
748 2513 857 2555 omnem
880 2500 971 2557 cibum
1021 2495 1167 2552 malitiosa.
1183 2496 1298 2571 Signant
1314 2514 1362 2554 eos
1387 2499 1434 2572 qui
1452 2499 1541 2571 ipsum
1561 2501 1634 2574 quod
1655 2512 1774 2575 possunt
1794 2503 1821 2604 in

173 2607 245 2664 aquo
260 2588 376 2644 subinde
399 2587 538 2660 tinguens,
565 2587 664 2642 deinde
687 2586 758 2659 pado
782 2589 817 2643 ad
840 2596 970 2658 rostrum,
1020 2584 1122 2640 malum
1137 2594 1246 2642 vertunt
1260 2595 1287 2642 et
1296 2587 1384 2644 ventri
1399 2588 1564 2645 deserviunt.
1580 2591 1652 2648 Nam
1662 2593 1821 2666 mygaledt·

172 2679 255 2738 veluti
268 2693 361 2742 manu,
379 2674 506 2730 afferens.
523 2674 653 2745 Herodio,
669 2674 751 2743 falco,
776 2676 810 2731 de
831 2676 878 2732 illo
901 2678 971 2735 sicut
1020 2673 1089 2729 citur
1100 2675 1179 2747 quasi
1193 2691 1253 2730 mus
1268 2677 1391 2750 grdosus.
1407 2677 1519 2735 Lacerta
1529 2688 1556 2734 et
1570 2679 1722 2755 ipsaagilis
1732 2690 1821 2738 etms·

172 2769 207 2825 de
223 2766 351 2838 accipitre
367 2764 474 2821 dicitur.
492 2763 642 2820 Caradrion
655 2763 764 2835 quidam
780 2764 873 2821 dicunt
898 2767 971 2823 lero·
1020 2760 1119 2818 liliosa.
1137 2763 1231 2835 Tolpo,
1249 2782 1310 2837 quae
1332 2765 1431 2823 dicitur
1445 2767 1519 2824 nasci
1535 2783 1568 2825 ex
1591 2769 1687 2841 pluvia
1704 2780 1732 2827 et
1753 2772 1816 2840 luto,

172 2860 236 2916 cita.
251 2857 358 2927 Upupa,
374 2853 432 2909 sive
448 2868 546 2924 opopa,
572 2867 633 2923 quae
654 2850 769 2908 aedificat
787 2852 816 2907 in
838 2854 970 2911 stercori-
1021 2858 1103 2907 caecet
1118 2860 1147 2906 ut
1157 2851 1243 2908 fodiat
1253 2861 1365 2921 terram,
1381 2872 1443 2911 eum
1457 2857 1592 2914 denotans
1607 2858 1654 2930 qui
1669 2861 1818 2917 secundum

172 2948 224 3003 bus
238 2943 421 3017 gemitumque
436 2941 465 2995 in
485 2948 566 2997 cantu
589 2940 703 3008 simulat,
731 2956 826 2997 eorum
849 2943 970 3014 speciem
1019 2939 1186 3011 voluptatem
1199 2943 1291 2998 carnis
1305 2953 1396 3001 mente
1411 2948 1672 3016 caecatusterrenis
1694 2949 1816 3008 inheret.

171 3044 268 3091 tenens
283 3033 338 3105 qui,
354 3030 468 3086 terrenis
482 3029 655 3094 inhaerentes,
671 3029 780 3084 tristitia
804 3030 898 3087 saeculi
920 3049 967 3104 pe·
1022 3050 1034 3080 ι
1052 3029 1139 3102 Super
1151 3031 1223 3103 quod
1239 3032 1369 3089 ceciderit
1383 3034 1530 3106 quidquam
1550 3036 1584 3092 de
1605 3039 1760 3096 morticinis
1773 3056 1817 3098 eo·

171 3131 259 3180 rcunt.
276 3118 438 3190 Vespertilio
452 3133 556 3188 pennas
577 3116 665 3183 babet,
696 3118 745 3173 sed
766 3118 817 3174 etsi
839 3119 867 3173 iu
890 3129 968 3177 tene·
1018 3133 1078 3174 rum
1092 3119 1236 3190 polluetur,
1254 3142 1265 3172 ι
1282 3129 1309 3178 et
1323 3122 1428 3195 reliqua
1442 3123 1574 3180 Distantia
1596 3135 1638 3182 est
1661 3128 1734 3186 inter
1755 3146 1816 3186 eum

169 3212 262 3268 nebris
275 3209 357 3272 volat,
368 3207 530 3278 plerumque
546 3212 617 3261 terra
631 3205 765 3278 graditur,
782 3207 853 3264 sicut
867 3208 895 3264 hi
904 3225 969 3282 quo·
1017 3206 1064 3280 qui
1075 3208 1161 3281 tangit
1176 3217 1202 3265 et
1214 3226 1277 3265 eum
1291 3228 1373 3283 super
1387 3229 1468 3284 quem
1478 3214 1561 3270 cadit.
1582 3216 1682 3290 Tangit
1696 3234 1760 3275 eum
1772 3218 1816 3293 qui

170 3317 231 3356 rum
247 3297 359 3354 scientia
373 3293 532 3351 obfuscatur
546 3294 667 3351 tenebris
687 3304 873 3367 pcccatorum,
897 3313 967 3370 quo-

168 3404 282 3460 rumque
295 3402 358 3457 spes
376 3384 403 3439 in
418 3381 518 3438 infimis
531 3383 613 3452 Jacet.

205 3499 217 3528 ι
235 3476 323 3532 Omne
335 3474 369 3530 de
384 3472 541 3530 volucribus
562 3471 634 3544 quod
656 3472 780 3544 graditur
795 3490 879 3545 super
895 3489 966 3547 quo-

166 3575 229 3623 tuor
243 3564 337 3636 pedes,
357 3584 368 3614 ι
385 3561 525 3633 etreliqua
538 3560 593 3616 Eos
608 3561 673 3617 dicit
687 3561 733 3632 qui
744 3571 859 3633 quatuor
871 3563 965 3618 Evan-

104 3676 114 3689 ·
166 3655 301 3730 galiorum
316 3651 438 3708 doctrina
452 3665 506 3705 uon
520 3657 595 3705 recte
609 3657 727 3718 utuntur,
739 3650 782 3706 vel
792 3651 965 3723 eosquicor-

165 3742 241 3816 poris
255 3739 438 3812 voluptatibus
452 3739 611 3805 innituntur,
627 3738 699 3810 quod
717 3755 750 3795 ex
774 3747 889 3812 quatuor
909 3739 965 3797 cle-

165 3832 263 3889 mentis
291 3837 405 3887 constat.
435 3828 566 3893 Bruchus,
593 3826 689 3881 similis
712 3827 848 3895 locustae;
874 3828 962 3900 aliter,

164 3920 295 3986 bruchus,
312 3926 338 3973 et
353 3918 468 3981 locusta,
485 3923 511 3971 ct
527 3930 610 3971 eruca
623 3932 708 3970 unum
721 3923 771 3971 est.
800 3917 913 3973 Attacus
923 3927 964 3973 at·

164 4004 963 4082 queophiumachus,contrcriosserpentibus.Ophiseuim

162 4093 263 4154 dicitur
277 4110 400 4166 serpens,
416 4094 528 4148 machus
542 4100 643 4159 autem,
657 4109 799 4164 pugnans,
812 4093 963 4164 quosicum

162 4188 441 4259 serpentcpugnons,
457 4180 526 4237 sicut
538 4179 567 4234 hi
581 4180 627 4252 qui
650 4188 747 4236 contra
770 4180 869 4237 diaboli
893 4182 962 4239 insi·

1017 3311 1065 3367 per
1079 3313 1109 3351 se
1124 3296 1252 3368 polluitur
1267 3318 1273 3366 ;
1290 3316 1374 3371 super
1389 3317 1451 3357 eum
1465 3302 1548 3369 cadit,
1572 3304 1618 3376 qui
1640 3321 1708 3362 casu
1725 3307 1814 3381 aliquo

1016 3383 1161 3456 decipitur,
1176 3395 1205 3442 ut
1217 3387 1304 3443 David
1318 3388 1497 3446 deambulans
1509 3390 1537 3446 in
1547 3391 1647 3449 solario
1662 3395 1753 3452 subito
1760 3413 1815 3453 mu·

1015 3471 1090 3527 lieris
1105 3482 1198 3546 captus
1213 3484 1254 3531 est
1263 3477 1461 3548 pulchritudine
1476 3480 1515 3551 (ll
1536 3483 1601 3553 fleg.
1622 3481 1678 3556 ιι).
1703 3484 1758 3540 Vas
1778 3485 1812 3542 li·

1015 3577 1117 3634 gneum
1156 3562 1247 3635 signat
1269 3564 1434 3634 lenitatem3
1456 3568 1661 3642 vestimentum,
1692 3572 1812 3629 habitum

1014 3665 1143 3718 morum;
1166 3651 1259 3723 pellis,
1282 3653 1519 3712 mortificationem
1543 3658 1658 3727 carnis;
1686 3661 1809 3732 cilicium,

1013 3739 1219 3810 paenitudinem.
1236 3741 1265 3798 si
1280 3743 1377 3799 horum
1389 3744 1568 3818 quidquamin
1578 3748 1693 3807 homine
1705 3750 1811 3809 altanus

1013 3827 1107 3884 vitium
1127 3831 1374 3904 commaculaverit,
1414 3836 1576 3893 emundatur
1599 3853 1672 3911 aqua
1688 3855 1811 3914 compun-

1013 3916 1109 3972 ctionis
1124 3935 1211 3990 usque
1225 3920 1261 3975 ad
1275 3920 1468 3992 perfectionem
1481 3925 1658 3996 poenitentiae.
1678 3929 1756 3986 «Vas
1769 3946 1811 3987 au·

1012 4011 1068 4061 tem
1082 4004 1174 4073 fictile,
1194 4028 1206 4057 ι
1223 4017 1250 4064 et
1271 4010 1376 4082 reliqua
1397 4012 1451 4067 Vas
1472 4010 1552 4070 fictile
1573 4016 1662 4073 adse
1684 4018 1808 4076 humores

1011 4093 1100 4148 trabit.
1115 4095 1186 4152 Dicit
1201 4104 1291 4153 autem
1308 4116 1315 4152 ε
1331 4098 1359 4154 Si
1374 4100 1434 4171 quis
1449 4101 1521 4157 vitiis
1544 4103 1643 4160 alienis
1658 4107 1808 4164 communi·

1012 4196 1086 4248 cans,
1102 4182 1130 4237 in
1153 4182 1384 4258 augmentatione
1399 4205 1491 4245 eorum
1512 4193 1673 4262 perstiterit,
1697 4213 1748 4268 per
1766 4213 1808 4254 er·

161 4273 223 4330 dias
237 4279 353 4330 certant.
370 4269 450 4338 Quod
464 4267 576 4335 locusta,
598 4268 719 4324 bruchus
743 4277 770 4325 et
793 4277 896 4327 attacus
916 4288 962 4329 sa·
1011 4272 1286 4330 communicationem
1301 4275 1405 4332 fortiter
1419 4278 1592 4351 corripiatur,
1605 4289 1634 4338 ut
1642 4283 1711 4341 dicit
1725 4288 1807 4359 Apos-

159 4360 210 4418 lire
224 4361 361 4425 dicuntur,
377 4359 429 4413 hos
443 4357 570 4430 designat
586 4356 632 4428 qui
644 4357 774 4427 operibus
787 4358 898 4427 Justitiae
913 4376 961 4416 so·
1010 4358 1082 4414 tolus
1098 4377 1105 4415 :
1121 4361 1262 4418 Traditum
1282 4364 1439 4433 hujusmodi
1462 4367 1599 4425 hominem
1622 4371 1652 4427 in
1671 4372 1807 4431 interitum

158 4450 246 4518 lidati,
262 4448 368 4520 spineta
383 4447 509 4503 vitiorum
519 4452 720 4516 transcurrunt,
731 4453 756 4501 et
766 4447 851 4502 herba
860 4448 959 4505 diune
973 4442 1112 4520 DcarniS,
1129 4458 1180 4506 etc.
1197 4452 1223 4521 (i
1233 4452 1293 4508 Cor.
1306 4453 1347 4525 v).
1365 4476 1377 4506 ι
1395 4454 1491 4511 Omnis
1512 4457 1589 4515 cibus
1611 4477 1696 4542 quem
1720 4479 1807 4521 coma·

161 4536 308 4609 Scriptura
323 4543 482 4608 pascuntur.
494 4533 600 4591 Talium
613 4534 744 4606 exemplis
759 4536 961 4593 communicare
1010 4536 1090 4604 detis,
1108 4538 1130 4592 si
1146 4537 1206 4594 fusa
1220 4538 1301 4596 fuerit
1316 4558 1475 4615 supereum
1490 4562 1569 4619 aqua,
1589 4568 1601 4599 ι
1618 4548 1647 4605 id
1672 4558 1715 4608 est
1735 4553 1805 4609 eain

160 4625 303 4693 debemus,
320 4625 490 4696 superiorum
505 4638 571 4679 vero
580 4623 701 4695 quisquis
715 4623 788 4679 vitiis
813 4626 959 4681 attamina-
1010 4641 1065 4697 quo
1078 4626 1200 4684 lavantur
1214 4629 1274 4686 haeo
1284 4646 1350 4687 vasa
1365 4650 1425 4705 quae
1438 4634 1539 4705 polluta
1554 4653 1638 4708 supra
1653 4639 1722 4697 dixit
1732 4659 1740 4698 :
1751 4663 1763 4694 a
1773 4641 1805 4698 Et

161 4722 216 4785 ⁸va
235 4736 246 4765 ‘
264 4714 421 4769 immundus
435 4719 476 4769 ⁸⁵2
496 4728 583 4783 ¹¹⁵<lue
598 4711 633 4766 ad
653 4728 833 4783 vesperam»
858 4713 887 4769 id
906 4721 958 4782 esi,
1009 4738 1090 4781 omne
1103 4724 1210 4798 liquens
1233 4729 1306 4800 quod
1327 4729 1429 4788 bibitur
1449 4733 1484 4790 de
1502 4735 1631 4793 universo
1655 4755 1732 4810 vase,
1750 4759 1762 4791 i
1782 4745 1806 4796 et

162 4804 260 4860 noxius
274 4802 404 4875 usquead
419 4800 566 4873 perfectam
580 4800 776 4872 poenitentiam.
794 4823 806 4853 ι
822 4802 894 4858 Etsi
908 4819 958 4859 ne·
1008 4812 1404 4892 r01,‚eommvjdeq0eqquae
1417 4821 1557 4878 immund,
1565 4824 1624 4894 jam
1639 4827 1708 4884 dixi,
1731 4835 1804 4885 m·

160 4889 628 4962 cessef¹¹f³li¹¹1¹P⁰f¹et<ll¹iPPiam
644 4905 747 4957 eorum,
766 4910 778 4939 ’
803 4897 829 4946 θῑ
853 4891 902 4947 rel·
928 4892 959 4948 ld
1008 4918 1089 4974 quam
1104 4904 1277 4961 mundentur.
1294 4907 1377 4964 Cibus
1391 4917 1418 4965 et
1433 4918 1512 4981 potus
1535 4912 1664 4972 doctrina
1683 4916 1804 4990 spititua-

161 4980 238 5047 esest
253 4978 399 5052 contigerit
410 4979 528 5050 aliquem
542 4977 643 5033 talibus
651 4978 794 5047 subjacere
807 4978 957 5035 immundi-
1006 4991 1040 5046 fis
1056 4992 1099 5049 vel
1114 4993 1193 5051 bonae
1207 4996 1372 5066 operationis
1390 4998 1579 5074 intelliguntur
1592 5022 1600 5071 ἱ
1625 5021 1690 5077 ω
1713 5007 1737 5063 si
1759 5007 1804 5063 m

99 5065 101 5069 ’
160 5065 246 5131 tiis,‹
272 5066 399 5122 lavabit»
426 5067 546 5121 habitum
568 5083 676 5122 morum
700 5082 810 5122 suorum
829 5067 957 5141 lacrymis
1005 5081 1166 5136 munditiam
1190 5084 1405 5154 supradictorum
1425 5088 1594 5160 admiserint,
1610 5107 1667 5149 non
1679 5095 1737 5165 jam
1759 5111 1804 5153 ao·

160 5152 334 5224 poenitentiae,
356 5162 383 5209 et
404 5171 464 5210 reus
483 5162 589 5210 tenetur
609 5155 697 5210 donec
719 5155 841 5226 quiescat
864 5155 957 5214 fervor
1005 5177 1084 5240 cepru
1094 5178 1156 5225 sunt
1164 5171 1248 5242 digna
1264 5190 1295 5226 :a
1313 5173 1376 5232 Sive
1386 5176 1495 5247 clibani,
1509 5179 1568 5235 sive
1582 5181 1799 5256 chytropodes„

158 5240 238 5299 malae
247 5241 401 5296 voluntatis.
418 5263 430 5293 ι
448 5241 527 5310 Quod
541 5243 662 5298 ambulat
676 5259 758 5314 super
772 5259 880 5313 manua,
899 5267 911 5297 ι
930 5254 957 5302 et
1005 5264 1032 5313 et
1046 5257 1097 5313 rel.
1113 5259 1300 5331 chytropodes
1313 5279 1378 5320 vasa
1388 5275 1449 5321 sunt
1458 5265 1550 5323 fictilia
1564 5269 1652 5340 pedes
1666 5273 1802 5330 habentia.

157 5331 270 5403 reliqua.
282 5327 335 5398 Qui
343 5329 526 5400 operationem
536 5331 564 5384 in
578 5331 702 5386 sordibus
712 5331 807 5402 polluit
815 5333 953 5390 vitiorum.
1005 5352 1110 5409 (pipam
1125 5363 1213 5411 autem
1222 5359 1447 5433 egchyqr0p0d05‚

155 5419 271 5477 llustelo
286 5417 365 5491 quasi
388 5433 449 5473 mus
472 5417 566 5492 longa,
590 5419 757 5476 malitiosum
778 5421 879 5478 animal
901 5430 952 5491 est,
1003 5448 1204 5515 temperantur,
1232 5447 1357 5520 magistri
1380 5460 1442 5507 sum

154 5508 341 5567 fraudulentos
355 5515 383 5564 et
396 5507 508 5563 dolosos
523 5507 683 5580 designans.
702 5509 763 5565 llus
782 5510 817 5567 ob
832 5511 953 5570 edacita-
1002 5539 1102 5614 geben,
1126 5546 1281 5615 pame331
1300 5545 1339 5602 iffi

1459 5362 1486 5418 in
1497 5363 1596 5437 quibus
1605 5377 1732 5438 panesct
1754 5370 1804 5428 cibi

1445 5454 1515 5525 ,qui
1528 5453 1590 5511 aliis
1615 5466 1727 5528 pastum
1747 5459 1804 5517 vita

1363 5551 1494 5622 exemplis
1508 5552 1647 5612 malorum
1662 5558 1802 5617 maculen-

180 5647 258 5699 ·ttcc
267 5646 332 5699 torta
341 5655 372 5698 cx
381 5644 468 5707 alosti
477 5643 505 5698 tn
514 5643 611 5696 taxum
620 5641 784 5705 inanescunt
992 5628 1056 5712 'tun
1066 5640 1226 5716 magisterio
1233 5643 1385 5719 priventur.
1396 5666 1409 5704 ι
1420 5647 1523 5712 Pontos
1530 5666 1600 5730 vero
1609 5655 1802 5733 etcum)
