3772 6112
212 251 264 304 tlt
491 249 693 306 walatam}
713 250 835 307 statut
854 250 874 305 F
876 251 954 307 ULD.
974 250 1060 308 ΜΟΝ.
1082 249 1158 307 ΟΡΡ.
1179 254 1269 311 Palas
1287 254 1308 309 l.
1326 285 1361 296 -
1374 254 1611 314 Tlfflotodlca.
1816 261 1862 316 tat

213 371 243 424 in
259 372 313 427 hoe
328 371 456 445 impletur
471 373 544 444 quod
559 374 691 429 Dominus
702 374 789 429 dixit:
808 377 858 431 Ter
872 378 1050 448 menaea-A
1064 392 1136 450 forie
1151 394 1205 450 ΕΗΒ
1220 398 1367 468 quaerenda
1382 405 1475 468 essem
1491 399 1583 472 quasi:
1601 398 1738 456 confirm„
1761 400 1785 455 εἰ
1811 401 1866 459 h„

214 460 257 516 '2²⁹⁸
271 459 367 530 (Mam
386 463 478 532 ¹¹V¹)·
1062 492 1203 538 causaest
1218 485 1426 557 quaeobjicitur,
1443 487 1551 544 naalia

250 578 396 637 Veneti.
415 579 538 648 -Quid
556 595 600 637 mo
619 582 797 653 internoque?
811 580 842 636 ld
858 588 910 649 est,
925 595 943 636 a
957 595 1012 652 quo
1100 570 1184 626 Vtilis·
1202 575 1246 628 36.
1276 603 1311 616 -
1334 577 1550 647 deonandos
1578 577 1713 649 estquod
1732 579 1861 636 nosseire

215 666 355 723 veritatem
370 668 463 723 audire
476 668 690 724 nondesideras.
704 669 847 742 Interroga
860 669 950 743 magis
964 685 1012 725 eos
1062 658 1156 727 VOlPil,
1167 661 1218 716 sed
1231 661 1307 732 prius
1322 663 1442 720 Vicissim
1469 664 1668 739 interrogando
1683 665 1770 723 voluit
1782 675 1860 725 ostea-

216 755 250 810 de
264 771 380 826 quorum
394 756 474 812 dictis
488 773 543 813 non
557 757 660 813 habeas
675 757 815 813 invidiam.
832 758 1012 829 ltatemperat
1062 748 1129 804 dere
1143 766 1204 821 (1¹1ae
1218 759 1291 806 esset
1307 752 1341 807 de
1357 769 1444 826 regno
1466 769 1516 810 ⁵¹¹0
1531 754 1676 811 hominurn
1689 756 1791 828 0Pifli⁰t
1813 758 1856 813 1⁸¹·

215 844 433 914 responsionem,
449 853 538 902 utnec
552 847 695 902 veritatem
709 853 823 915 taceret,
839 862 892 903 nec
914 846 1012 902 delen·
1062 831 1239 890 dae0s¹¹mll0¹
1268 836 1421 909 gentillum,
1446 854 1501 911 ‘lua
1515 846 1627 895 ⁰⁸²0⁰⁵¹²
1642 839 1854 914 ullisqueflPfill

215 931 280 987 dem
294 948 324 988 se
338 932 487 988 videretur,
1062 920 1228 992 respondet:
1245 926 1371 997 laeenam
1385 942 1480 983 meum
1490 944 1549 985 non
1564 932 1607 985 eat
1622 928 1658 985 de
1674 928 1727 986 hoc
1742 930 1843 988 mando.

250 1048 335 1103 Vens.
351 1053 394 1106 ιι.
407 1079 442 1089 -
456 1050 518 1105 liae
542 1053 648 1106 antem.
659 1049 803 1120 Objicitur,
819 1065 930 1106 curnon
944 1049 1014 1107 lece
1062 1008 1544 1161 ἓέῐὶῗέἒιίξῗὲἓειξοὲῃῗυέἓω
1555 1018 1681 1162 ἓξὲξ
1697 1017 1846 1165 Ἣέἕέζ

1521 1148 1528 1171 ,

214 1137 249 1194 rit
264 1137 337 1209 quod
352 1137 454 1193 docuit.
471 1138 570 1193 Debuit
592 1155 647 1194 uon
663 1138 894 1210 sicrespondere,
911 1140 960 1194 sed
974 1139 1015 1194 al·
1063 1186 1199 1258 serviatis,
1229 1189 1279 1246 sed
1307 1190 1342 1247 ad
1365 1208 1482 1266 regnum
1511 1194 1625 1251 ooeleste
1654 1195 1787 1253 credendo
1807 1213 1841 1255 W

215 1233 302 1282 teram
311 1225 452 1282 maxillam
465 1227 601 1297 praebere.
617 1227 672 1283 Sed
682 1228 816 1284 veraciter
832 1236 858 1283 et
873 1236 1014 1284 mansuete
1084 1273 1089 1283 .

215 1322 241 1370 et
253 1315 327 1385 juste
352 1315 504 1387 respondit,
521 1324 547 1371 et
561 1331 615 1371 non
630 1316 713 1372 modo
732 1315 881 1385 maxillam,
907 1316 956 1371 sed
970 1324 1014 1371 to·
1063 1289 1133 1330 mre·

215 1411 274 1459 tum
288 1418 388 1474 corpus
403 1402 510 1459 ferienti
528 1404 643 1474 paravit.
666 1405 701 1460 Et
715 1405 779 1461 hinc
793 1404 883 1477 potius
898 1404 1015 1460 ostendit

212 1499 350 1562 praecepta
363 1492 508 1562 patientie,
525 1508 580 1548 non
608 1493 789 1550 ostentatione
815 1493 953 1564 corporis,
964 1491 1014 1550 sed

215 1579 308 1636 cordis
335 1581 536 1651 praeparatione
564 1581 708 1648 iacienda,
734 1590 823 1654 potest
852 1582 925 1637 enim
954 1581 1014 1654 quis
1103 1627 1108 1638 .

215 1668 354 1724 maxillam
368 1668 513 1724 visibiliter
522 1670 645 1741 praebere
659 1671 755 1726 iratus.
768 1670 864 1726 llelius
878 1686 946 1744 ergo
956 1686 1015 1725 res-

216 1756 318 1828 pondet
332 1772 397 1813 vere
417 1756 549 1828 placatus,
565 1759 642 1814 etad
661 1757 775 1816 ferenda
793 1758 921 1832 graviora
938 1767 1014 1814 tran-

217 1845 302 1917 quillo
317 1845 407 1901 animo
418 1854 538 1917 peintus.

253 1962 338 2017 Vnus.
350 1966 395 2020 23.
411 1993 446 2002 -
460 1963 491 2019 Si
502 1963 577 2019 male
589 1964 708 2021 locatas.
726 1963 797 2019 llale
824 1962 945 2035 loquitur
969 1962 1016 2036 qui

217 2058 312 2106 contra
322 2050 464 2106 veritatem
478 2050 607 2122 loquitur.
625 2051 653 2106 Si
668 2051 738 2107 male
763 2051 870 2108 locatus
884 2067 955 2122 sum,
980 2051 1016 2107 da

216 2138 400 2195 testimonium
411 2155 465 2210 quo
474 2140 576 2210 probes
590 2141 761 2196 mendaeem.

252 2246 338 2301 Vens.
354 2247 399 2303 25.
416 2275 450 2286 -
469 2249 540 2302 Erat
565 2251 672 2304 antem.
701 2246 797 2317 (huc.)
825 2246 914 2314 Dicto,
944 2246 1017 2319 quod

216 2336 308 2389 Annas
332 2334 405 2389 misit
434 2335 527 2390 lesum
555 2335 589 2390 ad
619 2335 760 2406 caipham,
790 2335 860 2391 redit
876 2333 912 2390 ad
927 2335 1015 2392 locum

219 2422 380 2478 narrationis
396 2423 442 2477 ubi
457 2424 607 2495 reliquerat
620 2425 739 2493 Petrum,
765 2432 794 2479 ut
813 2423 929 2495 explicet
951 2422 1016 2496 quid

216 2511 245 2565 in
267 2511 349 2569 domo
376 2513 461 2567 Anne
490 2513 525 2568 de
554 2512 625 2567 trina
653 2513 725 2568 Petri
754 2512 899 2586 negatione
926 2512 1016 2569 conti-

217 2607 305 2671 gerat.

252 2716 336 2770 vnis.
352 2719 397 2771 28.
414 2744 449 2756 -
463 2715 495 2770 ln
509 2716 685 2788 praetorium.
703 2715 732 2770 ld
756 2722 808 2783 est,
837 2715 883 2771 ubi
897 2731 1016 2786 ,praeses

216 2802 318 2858 Pilatus
331 2802 479 2858 habitabat.
501 2803 555 2859 Sed
575 2802 598 2858 si
612 2804 648 2859 ad
663 2804 803 2874 Caipbam,
826 2797 964 2874 quomodo
988 2803 1017 2858 in

213 2890 527 2963 praetoriumilorsitan,
548 2891 639 2964 aliqua
649 2907 734 2947 causa
750 2900 875 2965 urgente,
887 2892 1016 2947 dedomo

123 3012 128 3021 ·
216 2981 301 3035 Annae
329 2977 364 3034 ad
393 2979 559 3035 audiendum
582 2981 675 3035 lesum
708 2979 789 3035 ambo
819 2988 1013 3037 convenerant.

216 3067 334 3140 Caiphae
347 3067 470 3140 perrexit
485 3069 520 3124 ad
536 3069 692 3139 praetorium
718 3068 853 3139 praesidis,
870 3076 896 3124 et
919 3084 1049 3156 soceroC

1099 1363 1184 1420 vans.
1201 1368 1292 1421 31-
1309 1369 1348 1425 Pa
1362 1369 1443 1426 diem
1459 1371 1521 1426 Non
1532 1386 1563 1426 se
1579 1386 1677 1444 regem
1688 1372 1761 1429 timet
1772 1374 1840 1431 eoni-

1063 1451 1124 1517 teri,
1142 1453 1191 1508 sed
1204 1454 1242 1509 ita
1265 1456 1410 1512 liberatum
1437 1466 1487 1525 est,
1511 1466 1540 1515 nt
1554 1474 1646 1532 neque
1662 1475 1694 1517 se
1706 1476 1838 1535 regemne·

1063 1547 1119 1610 get,
1136 1557 1187 1598 nec
1200 1543 1235 1599 de
1246 1546 1348 1601 mundo
1364 1562 1395 1602 se
1409 1545 1526 1604 fateatur
1539 1564 1613 1617 esse,
1629 1558 1659 1605 ut
1673 1549 1839 1608 illesentiebat
1873 1558 1876 1565 '

1064 1644 1110 1698 qur
1133 1628 1223 1686 dixit:
1248 1635 1319 1707 Erec
1346 1650 1401 1691 rex
1419 1652 1449 1692 et
1471 1640 1527 1693 ta?
1554 1636 1606 1693 Cui
1628 1638 1785 1710 respondit:
1810 1641 1838 1697 lt

1024 1736 1050 1796 Β
1065 1716 1147 1784 dicis,
1162 1722 1229 1792 qaia
1239 1738 1292 1779 rex
1307 1739 1371 1781 eam
1385 1740 1442 1797 epo.
1459 1723 1545 1794 Quasi
1559 1725 1642 1794 dicat,
1659 1727 1771 1783 carnalia
1790 1742 1837 1785 ctr-

1066 1804 1166 1862 naliter
1176 1809 1254 1867 dieis.

1107 1896 1195 1954 Vens.
1211 1902 1255 1955 38.
1271 1931 1306 1942 -
1320 1901 1436 1957 lteram.
1456 1902 1518 1958 Non
1542 1911 1685 1974 exspectat
1698 1918 1837 1977 responsam,

1065 2006 1100 2047 ne
1110 2005 1173 2047 cum
1188 1987 1269 2045 vellet
1284 1989 1419 2046 dimittere
1434 2004 1513 2046 mora
1527 1990 1617 2059 lieret,
1633 1992 1724 2049 subito
1736 1993 1798 2049 enim
1808 2007 1839 2050 re

1066 2080 1105 2134 nit
1118 2078 1147 2133 in
1162 2085 1281 2134 mentem
1305 2079 1474 2135 consuetudo
1499 2095 1554 2152 qua
1580 2090 1677 2152 posset
1689 2096 1738 2154 per
1759 2081 1838 2138 Pascha

1066 2166 1175 2222 dimitti.

1104 2256 1190 2311 Vens.
1202 2259 1247 2311 39.
1262 2285 1297 2296 -
1311 2256 1361 2311 Est
1376 2260 1482 2313 autem.
1497 2254 1568 2325 Quia
1580 2256 1610 2313 in
1631 2257 1735 2314 Pascha
1746 2273 1761 2313 a
1771 2255 1835 2314 sna

1066 2352 1123 2399 tute
1132 2343 1241 2399 liberati
1252 2351 1324 2412 suat,
1340 2344 1369 2398 in
1383 2344 1487 2401 Pascha
1505 2345 1566 2402 haec
1588 2345 1756 2403 consuetudo
1767 2345 1834 2402 dinit-

1066 2432 1141 2488 tendi
1156 2432 1197 2488 eis
1212 2431 1272 2488 fnit.

1101 2522 1186 2577 Vitas.
1199 2524 1243 2577 td.
1262 2550 1297 2561 -
1324 2523 1394 2578 Erat
1417 2526 1514 2578 autem
1524 2523 1665 2580 barabbae
1681 2523 1759 2581 latre.
1773 2522 1835 2580 aas
1874 2584 1876 2589 ,

1066 2608 1138 2664 filius
1151 2609 1285 2683 magistri,
1314 2609 1342 2664 id
1366 2618 1408 2665 est
1432 2608 1544 2678 diaboli,
1574 2610 1622 2683 qui
1640 2611 1739 2669 latroni
1757 2611 1783 2667 in
1799 2623 1833 2667 tat
1873 2612 1876 2631 “

1066 2699 1172 2754 scelere
1186 2698 1287 2754 ludaeis
1301 2697 1330 2752 in
1343 2696 1459 2769 perfidia
1472 2698 1606 2771 magister
1628 2698 1689 2757 tuit.
1705 2699 1750 2757 tel
1762 2698 1833 2756 aad
1874 2740 1876 2765 ⁵

1067 2787 1125 2856 bas,
1137 2786 1166 2843 id
1181 2795 1222 2843 est
1237 2785 1309 2842 filius
1324 2787 1420 2858 patris,
1439 2786 1524 2843 idest
1539 2787 1653 2846 diaboli.

1364 2982 1476 3039 cxPU'r
1493 2982 1571 3038 XIX.

216 3168 266 3207 suo
294 3151 387 3208 lesum
417 3152 528 3223 reliquit
557 3153 592 3207 ad
616 3152 798 3219 audiendum;
814 3153 858 3208 vel
886 3151 914 3205 in
934 3152 1016 3207 domo
1100 3150 1186 3206 Vens.
1203 3154 1229 3206 l.
1246 3181 1281 3192 —
1298 3154 1372 3209 Tune
1387 3169 1460 3225 erpo.
1476 3152 1615 3211 iloclecit
1629 3152 1738 3223 Pilatus,
1755 3152 1829 3220 idat,

215 3240 324 3311 Caiphae
353 3241 454 3295 Pilatus
468 3248 613 3311 acceperat
628 3240 796 3312 praetorium,
814 3250 841 3296 ει
855 3248 929 3296 tanta
956 3248 1016 3297 erat

216 3329 324 3394 domus,
342 3337 506 3384 utseorsum
521 3329 657 3384 babitaret
672 3328 809 3396 dominus,
826 3345 952 3384 seorsum
976 3328 1012 3384 Pi·

219 3417 299 3472 latus.
319 3420 352 3475 lit
366 3433 423 3473 non
448 3419 727 3474 contaminarentur.
745 3416 814 3485 Quia
829 3417 925 3473 diebus
952 3433 1016 3488 azy-

216 3522 334 3573 morum,
346 3507 539 3563 contaminatio
556 3513 614 3563 erat
624 3506 677 3560 illis
693 3506 721 3560 in
736 3505 897 3580 alienigenae
911 3506 1015 3562 habita·

217 3594 308 3650 culum
323 3595 435 3651 intrare.

252 3712 337 3766 Vnus.
354 3715 397 3765 at.
415 3742 448 3751 —
463 3711 543 3767 il'olis
558 3728 624 3777 non,
642 3719 697 3767 etc.
715 3711 773 3767 lloc
795 3710 888 3767 dicunt
904 3719 1016 3784 propter

216 3798 271 3855 diei
285 3798 346 3855 sesti
361 3800 542 3856 sanctitatem.
565 3801 619 3856 Lex
635 3800 707 3855 enim
730 3799 863 3871 praecipit,
892 3816 927 3856 ne
954 3815 1016 3871 par-

214 3896 275 3944 cant
289 3888 520 3954 malefactoribus,
537 3889 690 3960 praesertim
710 3889 904 3944 seducentibus
925 3890 1015 3945 allec

215 3992 275 4041 sue,
292 3976 400 4048 qualem
416 3977 496 4031 istum
512 3977 639 4032 dicebant
654 3994 715 4032 csse
732 3996 739 4043 ;
761 3984 787 4032 et
798 3985 892 4032 contra
907 3977 1014 4048 seipsos

215 4062 317 4132 dicunt,
336 4064 400 4135 quia
424 4064 624 4120 interficiebant
639 4081 720 4137 quem
741 4063 959 4121 interficiendum
974 4065 1014 4122 ol'-

217 4150 352 4220 ierebant,
369 4150 438 4208 sicut
454 4160 480 4207 et
494 4153 596 4207 Pilatus
611 4153 754 4221 interiecit,
777 4169 832 4208 non
853 4161 944 4210 tamen
957 4172 1015 4212 ma-

217 4240 297 4296 nibus
313 4240 378 4296 suis.
396 4242 464 4296 Cum
480 4241 581 4296 Pilatus
609 4242 691 4297 vellet
715 4241 808 4297 lesum
832 4243 942 4299 tradere
964 4244 1014 4300 Ju-

215 4329 292 4398 daeis,
318 4336 346 4385 ut
367 4329 517 4385 secundum
539 4330 630 4403 legem
659 4346 736 4384 sunm
760 4330 915 4399 judicarent
943 4349 1013 4402 eum,

1064 3238 1165 3295 milites
1180 3240 1270 3296 lacere
1285 3240 1418 3311 permisit,
1444 3241 1488 3298 vel
1510 3241 1593 3297 etiam
1613 3242 1697 3312 jussit
1720 3236 1830 3299 attatei
1863 3242 1866 3247 '

1065 3327 1155 3382 satiati
1171 3327 1205 3383 de
1216 3329 1331 3399 poenisa
1345 3337 1434 3386 morte
1448 3329 1628 3387 desisterent.

1101 3416 1186 3472 Vnus.
1203 3421 1230 3474 2.
1246 3447 1281 3458 -
1297 3418 1434 3475 Coronam
1461 3419 1495 3475 de
1509 3419 1602 3492 spinis
1613 3412 1831 3493 imposuerant-h

1065 3504 1161 3575 spinea
1176 3521 1279 3561 corona
1293 3514 1451 3562 nostrorum
1465 3514 1574 3563 notatur
1589 3509 1726 3580 susceptio
1738 3510 1829 3580 petala

1064 3609 1192 3666 rum,pro
1208 3609 1262 3666 qua
1276 3594 1400 3650 mortalis
1410 3593 1481 3652 fierit
1491 3595 1586 3653 voluit.
1596 3597 1681 3654 Unde
1690 3606 1829 3669 praealta:

1064 3684 1133 3738 Eece
1159 3683 1253 3755 Apnas
1281 3685 1342 3751 Dei,
1361 3700 1423 3743 eece
1445 3686 1497 3758 pai
1523 3687 1601 3742 tollit
1615 3690 1734 3760 peecata
1751 3678 1830 3742 nuti·

1066 3769 1157 3841 Spinae
1182 3787 1300 3844 nantque
1329 3772 1358 3827 in
1380 3781 1557 3844 peccatorum
1585 3773 1776 3849 significatione
1794 3783 1829 3844 pt·

1065 3867 1175 3914 nuntur.
1194 3860 1272 3916 Unde
1287 3860 1439 3917 Dominus:
1466 3864 1549 3918 Terra
1570 3866 1623 3919 tna
1641 3864 1737 3937 spinas
1759 3865 1783 3919 et
1794 3856 1831 3915 ιη’·

1065 3947 1144 4003 balos
1159 3951 1336 4020 penninabit
1353 3951 1494 4021 (danna).
1512 3951 1543 4006 Id
1562 3960 1615 4021 cst,
1633 3950 1785 4010 conscientia
1799 3954 1830 4001 lit

1065 4036 1235 4106 punctiones,
1252 4045 1279 4093 et
1292 4038 1404 4095 aculeos
1418 4039 1544 4096 vitiorum
1568 4057 1717 4113 procreare
1734 4055 1781 4096 non
1795 4034 1829 4091 te

1065 4125 1152 4181 sistet.

1102 4214 1186 4270 Vens.
1204 4217 1231 4270 ι.
1246 4246 1281 4257 -
1296 4216 1393 4273 Emisit
1411 4233 1485 4290 erpo.
1501 4218 1575 4274 Ecce
1589 4217 1735 4289 implentur
1751 4208 1829 4288 quatit

1064 4320 1094 4358 se
1109 4304 1271 4375 praedixerat
1286 4306 1365 4360 lesus
1395 4306 1505 4362 occulta
1532 4306 1665 4378 potentia,
1688 4299 1830 4365 commem?

216 4419 363 4475 noluerunt
377 4418 512 4491 recipere,
530 4418 652 4474 dicentes
664 4436 670 4472 :
684 4419 764 4476 Nobis
774 4435 832 4474 non
847 4421 913 4477 licet
927 4423 1051 4513 inter-D
1066 4400 1110 4448 ¹¹³
1125 4393 1256 4463 patientia
1268 4409 1322 4465 ΨΜ
1337 4393 1519 4450 mmmmm
1531 4404 1679 4468 mmm·

213 4509 297 4577 ficere
313 4515 540 4582 εεειηειιαεηςει
550 4507 590 4563 sic
601 4508 729 4578 impletur
743 4523 834 4562 sermo
849 4509 914 4564 Jesu
934 4528 1016 4583 quem
1103 4482 1228 4581 Vffij5·
1256 4513 1291 4523 ““
1314 4484 1429 4540 mmm
1444 4484 1494 4541 ⁶²⁹⁸·
1512 4484 1757 4584 Hi⁰⁸PP³¹⁰{n⁰P
1772 4480 1830 4554 Ψ

217 4595 251 4650 de
267 4606 417 4652 suamorte
433 4598 568 4667 praedixit,
586 4606 615 4651 ut
629 4614 692 4651 eum
720 4613 736 4651 a
764 4597 865 4652 Judaeis
886 4600 1016 4656 traditum
1067 4577 1145 4626 rame
1161 4571 1313 4627 Pss³²⁰hae⁰
1328 4572 1558 4628 ⁸⁰¹¹l¹t¹b¹¹⁸e⁵⁸⁰
1573 4572 1654 4643 fama
1672 4571 1831 4642 melum

216 4691 312 4756 gentes
326 4684 519 4756 interficerent,
532 4687 611 4759 quasi
629 4687 668 4742 sic
679 4695 771 4744 essent
782 4687 864 4743 alieni
879 4703 895 4743 a
911 4690 1016 4747 scelere
1067 4675 1124 4714 ΒΜ
1138 4660 1304 4730 permffierit’
1321 4669 1349 4715 ut
1371 4661 1475 4716 satians
1489 4661 1591 4718 ΝΜ
1618 4663 1678 4719 hm
1692 4659 1832 4720 fflffioem'

218 4771 362 4844 quimagis
380 4776 545 4844 peccant,in
561 4793 615 4849 quo
644 4795 699 4834 non
729 4796 823 4837 eorum
848 4779 1014 4847 innocentia,
1067 4747 1116 4803 ⁵⁰d
1129 4748 1218 4821 magis
1232 4748 1407 4806 inardescunt
1421 4758 1449 4806 εἰ
1467 4749 1609 4807 damam
1636 4751 1774 4824 emim
1787 4758 1833 4803 m

218 4859 267 4916 scd
281 4858 419 4917 dementia
432 4872 609 4920 monstratur.
1067 4837 1154 4943 Cifidss·
1313 4928 1341 4939 ..
1442 4928 1448 4941 ³
1703 4928 1710 4941 ι
1751 4925 1757 4937 ⁸
1788 4920 1814 4934 ..

252 4975 338 5030 Vnus.
349 4977 383 5030 at
398 5004 433 5017 -
448 4977 467 5032 t
485 4981 631 5053 temetipso
647 4982 697 5038 boc
712 4983 793 5049 dicia,
819 4990 872 5039 cte.
889 4981 946 5039 Scit
968 4982 1016 5038 ιε·
1103 4926 1187 4982 ms'
1203 4927 1459 4984 ⁷'—F²1mmD⁶²'
1475 4928 1547 4985 Ecce
1557 4929 1645 4984 altem
1658 4920 1834 4999 ”¹³³⁰er

318 5062 324 5072 .
369 5063 374 5074 .
447 5065 452 5074 .
718 5071 722 5081 ,
770 5072 775 5082 ,
1067 5013 1130 5085 quia
1153 5030 1238 5085 parva
1266 5014 1411 5071 ridebatur
1437 5016 1531 5073 illicita
1553 5015 1691 5075 affectatio
1718 5012 1838 5090 rapuit

217 5078 264 5117 sus
279 5064 344 5135 quid
367 5080 426 5135 ipse
445 5074 597 5140 interrogat
625 5077 651 5124 et
679 5071 744 5143 quid
768 5072 813 5128 ille
835 5088 1017 5144 responsurus

215 5159 265 5219 εει,
282 5151 332 5207 sed
360 5160 449 5209 tamen
471 5154 525 5211 dici
548 5156 632 5212 voluit
655 5174 709 5212 non
729 5168 758 5216 ut
782 5160 873 5231 sciret,
909 5161 958 5216 sed
987 5167 1016 5215 ut

217 5238 384 5297 scriberetur
399 5243 471 5314 quod
487 5243 558 5298 scire
573 5245 667 5301 voluit.

1068 5110 1161 5158 tumen
1173 5111 1318 5176 utrumque
1328 5120 1394 5161 vere
1409 5114 1469 5162 erat
1483 5104 1616 5191 Christus,
1632 5114 1660 5164 ει
1677 5121 1728 5163 rex
1739 5113 1765 5162 et
1775 5096 1839 5158 litu

1067 5190 1127 5246 Dei.

1103 5281 1188 5336 Vnns.
1205 5285 1232 5338 9.
1247 5309 1282 5322 -
1297 5283 1377 5339 lesus
1394 5287 1500 5341 autem.
1517 5283 1568 5342 Hic
1584 5283 1651 5340 etin
1664 5282 1726 5340 aliis
1738 5274 1841 5341 loetale

252 5356 339 5409 vans.
364 5359 408 5411 35.
434 5387 469 5397 —
488 5358 558 5427 Quid
577 5361 682 5431 sectati.
701 5361 785 5430 Quasi
801 5365 848 5422 :si
863 5366 922 5422 haec
936 5364 1017 5436 culpa
1067 5369 1140 5442 gitur
1155 5370 1263 5425 siluisse
1283 5371 1406 5428 Christus
1429 5380 1459 5428 nt
1472 5372 1619 5444 prophetia
1641 5363 1842 5445 inpietanti-

215 5459 271 5499 non
286 5451 337 5511 est,
351 5445 424 5515 quod
439 5453 465 5501 te
485 5463 580 5521 regern
594 5448 707 5519 dixeris,
725 5452 789 5524 quid
804 5453 876 5509 aliud
901 5452 1018 5511 iecisti?
1067 5461 1116 5513 cat
1126 5475 1324 5529 apnuseoram
1336 5460 1540 5518 tondentexine
1550 5476 1624 5529 veae,
1636 5463 1678 5519 eie
1688 5448 1844 5534 nenepffl

217 5533 302 5606 Quasi
317 5548 372 5588 non
396 5542 437 5588 est
461 5536 558 5590 mirum
578 5538 601 5591 si
622 5539 706 5607 judici
720 5542 839 5598 traderis
862 5543 1017 5615 puniendus
1067 5548 1265 5619 ossaamllsa.
1282 5547 1352 5620 nur).
1364 5548 1634 5619 Quaesimilitudode
1647 5565 1720 5623 agno
1734 5546 1844 5613 datast·

216 5623 304 5697 quite
321 5638 417 5697 regem
432 5623 510 5681 dicis.
523 5624 578 5681 Sed
588 5625 611 5681 si
626 5627 684 5684 haee
692 5643 777 5685 causa
790 5646 845 5688 non
860 5641 942 5703 esset,
952 5641 1017 5691 tunc
1067 5642 1096 5690 ut
1114 5633 1143 5690 in
1161 5651 1211 5693 suo
1230 5636 1337 5694 silentio
1364 5653 1421 5694 non
1443 5648 1508 5696 teus
1536 5637 1587 5695 sed
1607 5653 1742 5697 manceps
1762 5634 1846 5694 aab*
