3772 6112
108 3426 114 3435 ·
211 3412 332 3470 dicentes
347 3428 402 3468 non
416 3427 469 3468 uno
484 3412 566 3469 modo
580 3410 750 3484 intelligendi
765 3417 836 3474 sunt,
853 3407 1011 3481 pancissimi

207 283 260 338 639
473 277 676 335 Whtnnulttl
694 276 817 334 stunc!
835 276 935 334 FULD.
955 276 1043 334 MON.
1064 275 1141 334 OPP.
1161 276 1250 334 PARS
1269 276 1290 332 l.
1310 305 1346 319 -
1362 275 1601 335 theocustus.
1810 282 1856 336 dit

173 430 178 437 ·
247 407 332 464 Vsus.
351 407 376 461 l.
393 404 861 461 -Filiosccurrdcmcommonem
871 403 965 472 fidem.
978 403 1044 465 ldA
1058 402 1247 467 Antichristus,
1263 403 1309 475 qui
1323 418 1372 461 ore
1386 402 1550 459 confitentur
1564 401 1719 470 Christum,
1737 410 1764 458 et
1781 405 1857 461 mori·

212 503 254 552 est
284 495 443 552 catholicam
472 510 525 548 non
550 493 683 564 privatam
705 492 829 561 alicujus.
855 491 1012 548 catholicon
1062 491 1112 546 hus
1127 491 1290 547 dissentiunt
1306 491 1339 546 ab
1359 506 1401 548 eo.
1427 492 1558 565 Quisquis
1572 491 1654 547 factis
1678 499 1765 562 negat
1785 493 1857 549 cuu-

214 583 319 651 Graeoe,
336 600 480 639 commune
495 582 537 638 vel
552 581 708 637 universale
723 581 821 636 dicitur
835 581 939 637 Latine.
1064 586 1134 635 stum
1149 580 1332 637 Antichristus
1346 589 1398 636 est.
1422 581 1502 636 Tales
1526 588 1590 636 sunt
1615 594 1716 635 omnes
1737 580 1799 636 mali
1816 597 1856 639 cs·

249 676 337 746 llujcs
351 675 395 729 rei
408 674 512 746 pretio.
524 671 615 726 Primo
630 670 696 726 dicit
710 670 776 743 quid
786 686 869 744 agere
879 670 976 725 debeat
985 677 1013 725 et
1063 669 1163 735 tholici,
1181 669 1225 741 qui
1241 685 1294 725 nou
1308 669 1409 739 verbis,
1424 670 1474 726 secl
1484 668 1561 727 lactis
1570 676 1687 743 negant.
1696 668 1786 724 Nolite
1797 687 1855 746 ergo

213 761 308 835 quales
329 761 453 817 ordinare
477 760 662 831 presbyteros,
687 759 831 830 incipiens,
855 759 902 824 ita,
928 759 1012 830 hujus
1063 774 1125 814 osse
1139 766 1266 831 tanquam
1281 757 1316 813 de
1331 757 1395 828 fide,
1411 759 1510 830 securi,
1534 757 1681 830 adiungite
1704 754 1770 813 fluet
1786 767 1855 817 ecte

213 852 255 907 rei
264 851 368 923 probs
381 850 451 904 llum
462 848 521 905 haec
532 848 635 916 recolit,
650 847 720 905 sicut
733 848 758 903 ei
773 848 945 920 disposuerat
954 861 1012 903 mo-
1063 846 1146 902 vitam
1173 854 1284 913 rectam,
1313 855 1343 902 ut
1370 846 1505 903 Christum
1519 843 1722 911 confiteamini,
1737 853 1765 900 et
1779 847 1856 907 verbis

212 945 258 995 net
271 937 394 1010 exsequi.
1063 952 1126 991 vcra
1141 935 1275 1002 docendo,
1292 944 1318 992 et
1333 935 1409 991 factis
1421 935 1492 992 bene
1504 936 1634 993 vivendo.
1651 937 1725 996 Nam
1741 937 1765 991 si
1777 937 1853 995 conli-

246 1046 332 1101 γης,
349 1047 376 1100 5,
393 1073 428 1086 ..
444 1046 630 1116 presbyteros,
647 1042 1014 1115 plumpperdicppfespype.
1063 1024 1156 1080 temiui
1179 1024 1269 1081 verbis
1293 1032 1320 1080 et
1343 1040 1397 1081 uon
1413 1025 1501 1094 lactis,
1527 1025 1597 1083 fides
1613 1036 1721 1086 tantum
1745 1044 1851 1088 meorum

210 1149 267 1200 ros,
292 1150 349 1189 non
373 1142 461 1188 autem
486 1133 667 1204 singulariter,
687 1141 716 1187 ut
740 1133 843 1187 scilicet
870 1130 1013 1203 pastoralis
1063 1113 1171 1185 lls⁰l³rie
1185 1112 1253 1169 fides
1268 1123 1309 1169 0⁵2
1324 1114 1531 1170 dfflfflOssiOlum·

209 1238 281 1278 curae
296 1237 365 1277 onus
380 1221 487 1277 facilius
505 1222 678 1287 sustineatur,
694 1221 855 1292 permultos
870 1220 998 1275 divisum.

246 1319 331 1375 Vnus.
348 1323 374 1374 6.
389 1351 423 1360 -
443 1321 510 1376 Sine
525 1321 655 1375 crimine.
673 1319 700 1374 Si
715 1318 838 1385 dixisset,
866 1318 925 1372 sine
943 1332 1011 1388 pec·
1379 1280 1491 1338 CAPUT
1510 1281 1544 1338 Η·

210 1417 281 1474 cato,
307 1408 397 1463 nullus
412 1408 440 1462 in
454 1408 577 1465 Ecclesia
591 1416 663 1462 recte
677 1415 770 1478 posset
791 1406 910 1462 ordinari
932 1405 1014 1460 miul-
1100 1412 1185 1467 vaus.
1203 1415 1228 1468 l.
1245 1442 1280 1453 -
1298 1414 1337 1469 Ta
1351 1418 1447 1470 colem
1458 1415 1643 1488 loqrvcrequoe
1653 1416 1845 1476 &sentcntiae

210 1504 276 1553 ster.
294 1497 368 1552 llulti
383 1497 456 1552 euim
476 1496 601 1568 baptizati
617 1495 713 1551 fideles
730 1505 790 1550 sunt
812 1495 871 1550 siue
885 1494 1011 1561 crimine,
1065 1501 1234 1557 doctrinam.
1252 1501 1316 1556 llaeo
1327 1510 1390 1556 sunt
1398 1519 1459 1574 qua>
1468 1504 1504 1557 ad
1514 1503 1603 1558 bonos
1614 1520 1710 1560 mores
1719 1506 1842 1577 pertinent

211 1586 270 1642 sine
294 1593 406 1657 peccato
427 1601 494 1641 vero
517 1586 545 1639 in
570 1586 622 1640 hac
645 1585 698 1640 vita
722 1584 858 1639 nominem
878 1583 1012 1649 dixerim;
1100 1589 1571 1648 Vnus,2-83223512250brtipmt,
1584 1593 1844 1666 (emmam

208 1690 262 1731 uon
277 1675 340 1746 quia
349 1674 453 1745 peccati
464 1674 565 1746 aliquid
576 1681 714 1729 remaneat
724 1673 833 1744 quodin
850 1672 1014 1743 baptismate
1065 1685 1160 1733 nectus
1174 1678 1240 1734 vitia
1256 1680 1381 1751 quaedam
1395 1680 1514 1751 propria,
1540 1688 1566 1736 et
1581 1682 1696 1737 morbos
1711 1683 1800 1755 quihus
1809 1686 1844 1754 ju.

209 1779 264 1819 non
280 1763 439 1827 dimittatur,
464 1763 513 1818 sed
529 1763 593 1834 quia
608 1762 636 1817 in
651 1762 730 1817 uobis
750 1761 776 1816 in
796 1762 875 1833 hujus
890 1761 953 1816 vitae
966 1761 1011 1814 in·
1025 1761 1052 1822 B
1066 1775 1163 1824 eventus
1178 1776 1262 1824 earet.
1278 1768 1312 1823 Et
1325 1769 1383 1840 ipsa
1403 1784 1512 1840 quoque
1533 1778 1663 1826 senectus
1683 1771 1787 1827 morbus
1803 1784 1842 1842 est,

211 1851 333 1907 firmitate
356 1851 529 1906 manentibus
552 1851 672 1923 quotidie
694 1851 753 1906 lieri
776 1866 830 1905 non
858 1851 1009 1921 quiescunt,
1061 1855 1132 1910 inest
1147 1856 1184 1910 illi
1200 1865 1289 1912 tamen
1303 1866 1433 1927 praeterea
1447 1858 1579 1930 segnities
1594 1859 1724 1930 quaedam
1737 1875 1767 1917 ac
1779 1862 1843 1916 tardi·

211 1957 272 2013 quae
285 1939 402 1996 fideliter
416 1940 556 1994 orantibus
572 1939 692 2010 quotidie
705 1939 887 1994 remittantur.
910 1938 1011 2008 Quam·
1062 1950 1114 2012 tas,
1131 1944 1231 1999 oblivio
1246 1946 1388 2016 prolunda,
1405 1946 1510 2002 obtusio
1526 1963 1660 2002 sensuum
1672 1956 1700 2004 et
1713 1949 1840 2006 ineundis,

214 2029 280 2083 libet
294 2029 373 2083 valde
394 2029 496 2098 justum
512 2028 642 2084 discutias
657 2028 685 2082 in
700 2028 752 2082 hac
766 2028 830 2093 vita,
845 2042 900 2081 uon
917 2033 957 2081 est
971 2034 1011 2080 ta·
1062 2033 1130 2088 Sum
1144 2033 1216 2088 enim
1229 2034 1346 2105 plurima
1361 2052 1422 2107 quae
1436 2035 1464 2090 iu
1478 2035 1638 2105 hujusmodi
1652 2044 1732 2095 aetate
1745 2038 1784 2095 vix
1797 2037 1844 2095 fieri

213 2133 276 2173 men
291 2116 349 2173 sine
364 2125 488 2189 peccato.
1066 2122 1210 2192 patiantur,

250 2208 337 2265 Unius
348 2207 558 2263 oxorisvirum.
566 2205 697 2275 (llrsuon.
707 2206 797 2277 Epist.
805 2205 840 2260 od
848 2201 1011 2273 Occursum.)
1101 2211 1182 2267 virus,
1195 2214 1221 2266 3,
1233 2242 1267 2252 .-
1276 2213 1308 2267 tn
1319 2212 1533 2270 hastingamto,
1546 2214 1580 2270 up
1600 2213 1709 2271 scilicet
1718 2230 1802 2272 pm
1814 2215 1846 2272 p.

211 2296 276 2351 Post
289 2294 463 2366 baptismum,
481 2303 544 2361 etc,
560 2310 648 2368 usquc
661 2293 768 2365 adquia
783 2301 824 2348 est
839 2291 873 2347 ab
888 2307 942 2347 uno
953 2291 1011 2347 Deo
1062 2314 1165 2368 sessus,
1182 2309 1280 2364 motus,
1297 2301 1395 2368 mirus,
1411 2315 1501 2357 senno
1516 2301 1665 2374 praeserant
1686 2305 1847 2362 smetiatm.
1870 2326 1877 2340 ·

211 2391 374 2456 aposiaial'e,
390 2391 416 2439 ei
431 2385 458 2438 in
472 2382 582 2438 alterins
598 2382 818 2454 superstitionem
833 2380 884 2436 ire.
1062 2390 1122 2445 Non
1132 2391 1197 2445 vino
1209 2391 1307 2446 multo.
1321 2390 1413 2446 Solent
1423 2390 1496 2446 enim
1506 2406 1568 2447 esse
1579 2393 1719 2464 qimam,
1732 2410 1845 2467 quaefflp.

246 2474 331 2529 Filios
346 2474 450 2529 habens
459 2472 565 2542 fideles.
581 2471 611 2526 ld
625 2479 675 2536 cst,
687 2485 739 2528 nec
754 2468 850 2526 saltem
859 2470 894 2525 de
906 2469 1011 2525 luxuria
1061 2477 1136 2548 poris
1144 2477 1494 2551 frigescentelururia,vino
1502 2496 1533 2537 se
1541 2497 1592 2552 pro
1601 2480 1718 2538 libidine
1727 2482 1850 2541 dederunt

211 2569 362 2628 accusatos,
386 2561 430 2616 vel
445 2560 496 2616 sibi
510 2576 566 2616 non
581 2560 713 2617 subditos.
737 2559 864 2630 Alioquin
879 2573 931 2614 uec
947 2573 1011 2629 spes
1097 2566 1184 2622 vans.
1204 2569 1230 2622 l.
1255 2595 1290 2609 -
1312 2571 1345 2626 Ut
1358 2571 1430 2626 viros
1445 2585 1518 2626 suos.
1545 2568 1623 2639 Quos
1637 2571 1755 2628 naturali
1765 2569 1850 2629 allata

210 2649 238 2707 ln
248 2650 295 2706 illo
305 2658 347 2705 est
356 2649 511 2720 corrigendi
521 2649 599 2715 alios,
616 2664 667 2705 nec
677 2647 793 2704 frontem
803 2646 931 2704 habetad
941 2647 1010 2702 alios
1061 2654 1220 2712 naturaliter
1235 2655 1361 2729 diligunt,
1386 2664 1476 2712 ament
1496 2657 1579 2713 etiam
1593 2659 1697 2730 pudica
1709 2659 1849 2731 dileuime,

211 2739 303 2795 talium
317 2738 497 2795 cohabitator·
1061 2751 1090 2798 ut
1105 2743 1209 2800 scilicet
1223 2760 1285 2800 cum
1298 2745 1402 2818 pudore
1417 2745 1482 2802 viris
1496 2745 1618 2803 debitum
1632 2747 1727 2820 potins
1738 2748 1849 2817 redibat.

248 2854 335 2910 Vsus.
351 2855 377 2910 7.
394 2883 428 2895 -
445 2854 560 2926 Oportet
574 2854 661 2910 enim.
679 2850 752 2906 Talis
766 2851 849 2907 debet
863 2849 989 2907 constitui
1002 2867 1009 2904 :
1060 2848 1143 2904 C{¹¹²³m
1156 2832 1275 2905 elidam·

210 2958 324 3001 necesse
348 2951 391 3000 est
413 2943 485 2999 enim
507 2942 542 2997 ad
566 2941 750 2997 tractationem
774 2938 854 2995 officii
874 2955 937 2994 enm
951 2955 1011 2996 essa
1097 2922 1182 2976 ΨΜ·
1194 2924 1309 2980 5·-Πΐ
1323 2939 1381 2980 '¹⁰⁷2
1393 2923 1732 2996 bl“il’'lllmml'·3⁰0⁸(l
1746 2934 1851 2986 md

211 3034 273 3089 sine
288 3033 418 3096 crimine,
444 3031 472 3086 id
495 3038 537 3086 est
549 3028 817 3101 irreprehensibilem
841 3029 1008 3099 episcopum.
1061 3009 1095 3064 ⁸⁶
1109 3009 1201 3066 Omnia
1216 3010 1357 3081 5ηΡΘΥῙΟΓ8
1371 3018 1460 3082 Ρθῑθθῑ
1470 3010 1579 3078 lesem
1591 3013 1673 3086 quasi
1687 3014 1760 3072 (ΠΜ
1772 3033 1780 3071 ²
1792 3015 1851 3071 ΠΜ·

211 3121 260 3176 ffie
275 3126 368 3191 aperie
382 3119 500 3174 ostendis
514 3119 737 3190 presbypemmm
746 3116 857 3172 nomine
867 3117 1045 3187 episcoposc
1059 3106 1117 3153 tare
1132 3115 1224 3166 senes,
1240 3107 1267 3154 ct
1280 3115 1359 3168 anus,
1377 3108 1403 3156 et
1423 3100 1651 3171 adolescentulas,
1674 3110 1705 3158 ut
1719 3103 1757 3159 ita
1769 3119 1798 3160 se
1807 3104 1851 3159 ba-

211 3222 299 3280 supm
312 3205 398 3264 fuisse
413 3207 580 3279 designatos.
1060 3187 1141 3243 beant
1152 3196 1181 3242 ut
1193 3187 1259 3254 dixi,
1290 3188 1363 3260 quod
1377 3188 1439 3245 ideo
1454 3188 1544 3247 iacere
1558 3190 1664 3248 debent
1677 3200 1708 3249 ut
1720 3207 1774 3250 non
1784 3191 1849 3249 blas·

1060 3277 1210 3347 pbemetnr,
1228 3285 1280 3332 etc.

1096 3364 1182 3420 Vsus.
1207 3367 1234 3419 7.
1260 3395 1295 3407 -
1315 3366 1347 3422 ln
1369 3367 1506 3433 omnibns,
1528 3373 1583 3425 etc.
1607 3366 1792 3426 Omnisenim
1811 3369 1850 3443 qni

1060 3454 1130 3509 male
1145 3454 1211 3510 vivit
1236 3455 1265 3509 in
1286 3463 1435 3526 conspectu
1459 3470 1554 3511 eorum
1578 3456 1681 3529 quibus
1703 3456 1848 3531 praepositas

1061 3551 1112 3611 est,
1130 3550 1260 3614 quantum
1275 3541 1302 3597 in
1318 3541 1378 3615 ipso
1392 3550 1433 3599 est
1446 3543 1547 3600 occidit
1559 3559 1625 3613 eos;
1647 3545 1755 3604 etiamsi
1766 3544 1802 3603 illi
1812 3543 1847 3601 vi·

1062 3638 1136 3695 vunt,
1153 3629 1187 3686 de
1203 3630 1390 3688 misericordia
1404 3631 1454 3687 Dei
1470 3631 1570 3688 vivunt.

1097 3719 1182 3774 Vsus.
1201 3721 1244 3775 lh.
1271 3751 1303 3762 -
1335 3721 1366 3778 tlt
1381 3720 1541 3777 doctrinam
1554 3721 1725 3780 Sclcctcris.
1748 3723 1850 3782 Bacta-

1061 3806 1147 3863 fertur
1159 3808 1194 3863 ad
1208 3807 1299 3864 omnia
1312 3808 1449 3881 predicta,
1464 3809 1568 3867 scilicet
1587 3811 1622 3868 ad
1635 3826 1731 3884 senes,
1747 3820 1773 3868 at
1782 3826 1848 3877 taus.

1062 3903 1089 3952 et
1104 3911 1207 3966 servos,
1224 3896 1303 3968 quusi
1318 3897 1391 3953 dicat
1405 3915 1411 3952 :
1427 3898 1541 3954 llortare
1557 3914 1657 3956 omnes
1671 3899 1852 3974 presumat

246 3972 332 4028 Vm·
349 3976 393 4029 ¹²·
409 4001 444 4012 ··
458 3973 541 4028 ⁰²⁴oest
556 3972 670 4045 pomam
685 3985 723 4026 ⁰5⁶
737 3971 808 4026 mli·
824 3968 979 4041 (nuu.,1ih.
992 3983 1012 4025 ¹¹
1062 3983 1098 4039 ita
1113 4001 1143 4041 se
1159 3984 1275 4041 habeant
1297 3985 1367 4043 sicut
1390 3986 1580 4059 praescriptum
1595 3996 1647 4054 est,
1674 3997 1705 4046 ut
1718 3989 1754 4046 ita
1767 3995 1850 4047 oront

210 4056 1013 4132 contruodversaricmlep.etpropbct.)lsteluitEpime
1062 4074 1090 4127 in
1115 4073 1219 4129 actibus
1243 4073 1300 4129 guig
1315 4074 1468 4131 doctrinam
1481 4075 1639 4146 Salvam-is,
1667 4084 1721 4136 010,
1747 4078 1849 4136 oms,

211 4148 290 4206 uides
305 4146 452 4211 Cretensis,
468 4148 497 4202 iu
511 4147 586 4216 cujus
601 4147 677 4202 libris
698 4147 749 4202 hoc
773 4145 919 4211 invenitur,
945 4153 1010 4214 etc,
1062 4161 1256 4218 Ornamentum
1273 4162 1392 4221 doctoris
1407 4171 1449 4220 esp
1461 4164 1575 4220 honesta
1589 4164 1645 4221 vita
1657 4165 1794 4238 discipust

212 4253 298 4311 usqae
309 4235 389 4292 adad
399 4234 575 4290 ministerium
592 4234 688 4290 domus
697 4234 748 4289 Dei
757 4234 950 4289 assumendum
959 4241 1010 4290 est.
1098 4251 1186 4308 vm
1207 4252 1723 4326 11‚..pppamitenpm,Quaspfficap
1739 4273 1748 4310 :
1763 4253 1852 4314 om„

248 4326 334 4383 virus.
351 4325 395 4380 Η·
411 4354 446 4364 -
472 4323 619 4380 Μαιῑᾶαῑῑι·
643 4321 712 4392 Quia
725 4322 851 4377 mandati
866 4322 937 4396 legis
951 4330 1013 4394 P⁰⁸¹
1062 4339 1190 4396 monendi
1218 4349 1289 4408 sunt,
1317 4341 1379 4412 quia
1407 4341 1535 4397 omnibus
1558 4350 1638 4398 uatus
1663 4350 1708 4399 est
1729 4343 1849 4409 cham,

211 4413 384 4471 manifestam
397 4412 549 4479 veritatem,
564 4412 620 4481 jam
633 4411 783 4482 hOffliflumv
798 4426 854 4467 ¹¹0ss
868 4411 920 4467 Dii
932 4427 1011 4466 man·
1060 4428 1164 4483 nullum
1179 4428 1301 4486 exclusit.
1319 4429 1378 4495 Vel,
1395 4429 1503 4497 Gratia,
1518 4428 1547 4486 id
1561 4439 1605 4486 est
1619 4431 1751 4490 Christus
1763 4432 1806 4506 qui
1818 4436 1853 4488 att

212 4506 273 4560 data
288 4510 359 4559 sunt.
1023 4482 1151 4590 Dgratia
1164 4518 1224 4573 Dei.
1240 4517 1290 4574 Vel
1303 4520 1398 4591 pratia
1412 4519 1464 4574 Dei
1479 4522 1508 4575 ct
1520 4520 1689 4587 Scluatcris,
1706 4528 1770 4587 etc,
1786 4520 1853 4576 idest

248 4610 332 4666 Vsus.
346 4611 389 4664 15.
402 4639 436 4650 -
449 4609 550 4666 Omnia
563 4607 670 4665 munda
685 4607 810 4663 mundis.
828 4607 886 4662 lloc
901 4606 953 4677 ipsi
963 4621 1011 4662 ne-
1061 4607 1135 4664 Deus
1158 4613 1185 4662 et
1208 4606 1330 4663 Salvator
1344 4616 1446 4673 noster,
1463 4607 1567 4664 scilicet
1582 4608 1632 4664 Dei
1647 4610 1745 4678 Filius,
1757 4610 1805 4668 etsi
1816 4609 1853 4665 iu·

213 4706 280 4772 gant
294 4697 366 4764 ideo,
383 4697 445 4769 quia
460 4697 488 4752 in
502 4697 565 4770 lege
581 4696 705 4770 quaedam
729 4696 838 4768 lloyses
861 4695 1009 4768 prohibuit,
1061 4694 1176 4751 visibilis
1186 4695 1221 4751 sit
1229 4695 1258 4749 iu
1270 4695 1357 4751 torma
1370 4696 1430 4765 Dei,
1446 4703 1536 4753 tamen
1553 4712 1604 4769 per
1613 4699 1735 4769 gratim
1743 4696 1854 4772 appamit

214 4793 241 4843 et
257 4787 291 4842 ab
304 4786 451 4842 immundis
461 4786 561 4842 munda
571 4784 709 4842 discrevit.
722 4785 879 4841 Hocautem
895 4800 950 4840 uon
964 4800 1011 4840 se·
1061 4783 1089 4838 in
1104 4783 1191 4839 forma
1206 4784 1290 4840 servi.

213 4874 333 4933 cundum
353 4883 464 4931 naturas
480 4892 548 4948 quas
562 4876 636 4930 Deus
652 4873 764 4943 creavit,
789 4873 904 4946 intelligi
918 4872 1010 4940 voluit,
1097 4872 1183 4928 Vens.
1202 4876 1244 4929 ta.
1262 4902 1299 4917 -
1313 4875 1349 4929 at
1363 4875 1514 4931 adventurn
1524 4875 1622 4946 plorioe
1630 4877 1798 4949 mucciflei,
1808 4882 1852 4932 etr.

214 4966 264 5022 sed
289 4964 438 5021 secuudum
461 4963 676 5038 significationes
692 4981 698 5018 ε
715 4961 814 5018 Omnia
828 4977 895 5035 ergo
909 4961 1012 5018 munda
1062 4959 1115 5031 Qui
1130 4977 1184 5018 non
1197 4962 1225 5018 in
1240 4963 1392 5020 infirmitate
1402 4970 1431 5018 ut
1439 4962 1524 5036 prius,
1537 4963 1587 5020 sed
1601 4963 1629 5019 in
1639 4964 1731 5037 gloria
1743 4974 1770 5021 et
1781 4972 1853 5038 pote·

184 5077 195 5098 ·
215 5061 277 5108 sunt
290 5053 400 5108 mundis
420 5053 569 5110 secuudum
590 5061 734 5119 naturam;
756 5052 828 5107 unde
843 5050 870 5106 in
886 5049 1010 5107 Genesi:
1063 5057 1132 5107 stote
1146 5052 1236 5109 veniet
1259 5052 1368 5125 praemia
1388 5052 1500 5109 daturus
1520 5053 1675 5109 secundum
1690 5054 1794 5121 merita,
1816 5052 1855 5127 qui

220 5141 294 5198 Vidit
308 5143 381 5198 Deos
393 5145 497 5199 cuncta
506 5158 567 5214 pure
576 5144 693 5213 fecerat,
710 5144 739 5196 ct
748 5139 919 5196 cructuclde
929 5141 1010 5197 bonu.
1062 5137 1089 5192 in
1103 5138 1193 5210 primo
1207 5142 1324 5197 adventu
1338 5141 1407 5197 adeo
1422 5140 1532 5197 humilis
1544 5139 1603 5211 luit,
1615 5141 1692 5215 qnod
1705 5158 1761 5199 non
1776 5143 1856 5200 solum

216 5229 372 5286 Secundum
401 5228 613 5302 significationes
643 5229 766 5302 quadam
790 5228 928 5283 immunda
951 5235 1013 5283 suut
1063 5227 1188 5295 erudivit,
1197 5232 1247 5286 sed
1256 5231 1336 5286 etiam
1345 5230 1633 5302 deditsemeptipsum.
1644 5231 1855 5290 sectatorem&

214 5317 315 5374 Judaeis
333 5335 339 5371 :
356 5333 406 5373 nec
420 5318 499 5372 nobis
514 5318 603 5373 omnia
618 5325 764 5390 optusum,
781 5318 824 5373 vel
838 5325 950 5390 propter
964 5332 1012 5371 sa·
1063 5333 1297 5390 noromopercm,
1305 5317 1435 5388 ethuia
1445 5317 1480 5372 ad
1487 5318 1540 5374 hoc
1547 5319 1663 5375 redemit
1672 5320 1852 5389 uostristus‚

215 5409 298 5463 lutern
314 5422 467 5477 corpomm‚
480 5407 522 5464 vel
532 5415 645 5479 propter
654 5407 875 5464 consuetudinem
886 5407 1013 5463 humanae
1063 5413 1092 5460 ut
1105 5421 1199 5476 puram
1216 5407 1298 5463 vitam
1314 5415 1452 5464 sectantes
1466 5415 1493 5462 et
1515 5408 1614 5480 repleti
1628 5409 1761 5481 operibus
1774 5408 1853 5475 bonis,

216 5496 363 5554 societatis.
1063 5493 1113 5550 Dei
1128 5495 1252 5552 haeredes
1266 5511 1327 5553 esse
1341 5496 1488 5569 possimus.

246 3324 332 3381 lans.
340 3326 366 3379 9.
375 3325 466 3380 -Eos
477 3326 524 3398 poi
534 3323 746 3388 contradicunt,
754 3337 882 3394 crpacre.
891 3320 1009 3376 Contra-

212 3501 312 3576 quippe
326 3501 405 3558 uobis
419 3501 610 3557 contradicunt
621 3499 767 3573 loquendo,
786 3498 835 3555 sed
849 3497 925 3553 multi
938 3497 1010 3554 male

211 3590 338 3648 vivendo.
354 3590 422 3660 Quis
437 3589 508 3646 enim
524 3587 785 3660 audetapertissime
795 3586 933 3659 loquendo
948 3601 1012 3642 con-

211 3680 342 3737 tradicere
356 3679 474 3737 veritati.
485 3679 547 3734 Non
556 3678 744 3736 contradicunt
755 3676 831 3732 multi
845 3677 948 3750 hugna,
961 3674 1011 3732 sed

210 3768 264 3826 vita
280 3787 286 3824 :
305 3785 373 3842 quos
387 3769 555 3840 redarguere
570 3769 671 3823 honum
681 3782 750 3838 opus
760 3773 812 3832 est,
829 3765 943 3838 grandis
956 3780 1012 3821 ser·

211 3858 283 3925 cina,
299 3857 386 3915 clivus
402 3856 518 3913 arduus.

251 5586 336 5643 Vsus.
349 5588 392 5640 to.
405 5614 439 5624 -
451 5586 543 5641 Factis
553 5588 659 5640 cutem.
672 5585 701 5641 Si
714 5584 825 5657 negatio
838 5599 893 5639 non
908 5591 1013 5640 tantum
1100 5585 1185 5640 Vsus.
1199 5589 1241 5641 to.
1252 5586 1385 5659 -Arpcc
1395 5602 1461 5642 eum
1476 5588 1565 5652 omni,
1581 5594 1634 5643 etc.
1652 5587 1689 5644 Ut
1703 5603 1759 5644 nou
1768 5598 1854 5657 estun

217 5675 310 5750 lingua
329 5673 368 5746 fu,
395 5673 538 5731 sedetiam
552 5673 639 5741 lactis,
664 5681 738 5731 certe
749 5672 849 5730 multos
861 5673 1014 5729 invenimus
1064 5673 1221 5748 accipiatur,
1237 5689 1358 5747 cumpro
1373 5674 1458 5732 salute
1471 5672 1532 5731 fieri
1547 5675 1642 5733 scitur.
