3772 6112
116 259 174 316 tuo

527 250 665 310 GLOSSA
683 249 888 309 ottbtrtaeta.
907 278 943 304 -.

959 248 1063 308 APOG.
1081 248 1239 307 tobrtms.
1718 257 1773 313 m

116 379 149 436 in
163 378 258 436 futuro
274 378 392 436 deducet
401 376 438 434 ad
454 375 640 434 omnimodam
655 375 843 433 reiectionem.
858 374 963 441 Abs-A
976 373 1041 432 boni
1055 389 1151 431 omnes
1164 372 1341 432 crediderunt
1357 391 1365 431 ι
1384 373 1475 444 tertia,
1494 373 1525 433 id
1542 381 1585 433 est
1606 390 1702 436 omncs
1724 391 1773 438 re·

116 473 212 541 icrqet
232 469 307 525 licut
328 483 441 524 omnem
468 468 634 539 lacrymum.
660 464 776 522 Omnem
800 465 925 522 dolorem
974 462 1055 534 probi
1068 462 1125 519 dati
1139 472 1202 519 sunt
1215 462 1243 519 in
1258 463 1405 535 reprobum
1415 479 1535 521 sensum.

118 558 180 613 sive
195 571 246 629 pro
259 555 367 612 delictis
382 556 450 625 suis,
466 554 524 613 sive
539 570 589 628 pro
599 554 735 625 adversis,
757 554 802 611 vel
816 552 922 622 exsilio,

119 644 167 701 rel
182 643 292 702 coeteris
304 643 470 715 hujusmodi.

425 808 537 867 CAPUT
550 808 623 866 vt11.

153 954 242 1012 Vens.
259 956 286 1010 ι.
302 982 337 995 -
351 952 388 1009 rt
403 967 469 1010 cum
482 952 650 1025 operuisset.
667 950 698 1007 ln
711 949 763 1008 hac
775 947 923 1007 vitatertia

115 1042 224 1100 visione
239 1048 303 1098 sunt
318 1028 422 1115 septem
438 1039 530 1114 angeli
552 1047 683 1096 canentes
706 1038 778 1096 tubis
802 1039 838 1095 ad
859 1037 922 1095 des·

115 1130 282 1189 tructioncm
296 1129 479 1197 inimicomm,
494 1127 530 1185 ed
539 1127 745 1185 similitudinem
754 1126 865 1184 illorum
874 1125 921 1201 qui
967 1172 1064 1228 portos
1091 1171 1222 1228 Dicuntur
1235 1171 1274 1227 iffi
1297 1187 1358 1228 esse
1380 1171 1407 1229 so

114 1228 250 1277 canentes
263 1218 336 1275 tubis
352 1218 543 1274 destruxerunt
567 1216 670 1273 moenia
690 1216 811 1274 Iericho.
835 1213 928 1285 Quasi
1067 1213 1074 1228 '

115 1307 193 1365 dicat
208 1326 215 1363 :
231 1307 297 1363 Cum
312 1305 509 1362 intellexissem
525 1304 702 1361 salvationem
715 1305 860 1375 iustorum,
887 1319 921 1359 ex

115 1394 172 1452 alia
185 1403 265 1468 parte
278 1394 400 1451 intellexi
415 1394 620 1450 damnationem
634 1391 778 1466 impiorum
792 1408 843 1466 per
857 1389 920 1448 offi-

116 1485 192 1542 cium
204 1483 409 1557 praedicationis
422 1483 501 1538 bonis
515 1482 679 1552 injunctum.

153 1600 241 1655 vms.
259 1602 286 1657 2.
302 1627 337 1642 -
351 1598 464 1672 Septem
478 1598 602 1671 ampelos.
625 1595 783 1662 Universos,
798 1595 842 1651 vel
857 1611 920 1668 sep·

1012 553 1077 621 Qum
1091 552 1229 608 habebant
1242 553 1364 620 animos,
1380 560 1433 610 etc.
1459 553 1490 609 ld
1511 561 1553 609 est
1575 552 1684 610 illorum
1705 569 1774 628 pen·

973 639 1061 696 tilium
1076 639 1122 712 qui
1137 640 1173 695 ab
1187 640 1248 696 eliis
1267 640 1409 714 digniores
1423 641 1616 713 reputabantur
1638 656 1691 717 pro
1713 641 1774 716 qui·

973 729 1088 786 busdam
1101 729 1181 785 bonis
1196 729 1336 800 operibus.

1008 817 1093 873 Vens.
1111 819 1228 876 ιιι-Εἰ
1243 821 1346 875 tertius
1355 819 1484 891 capetus,
1496 817 1593 875 ordine
1606 817 1773 876 narrationis

972 911 999 963 et
1014 905 1076 978 quia
1089 904 1162 961 istud
1176 913 1239 978 post
1252 906 1299 962 illa
1313 906 1368 962 duo
1382 905 1505 980 contigit.
1526 906 1675 979 Postquam
1697 905 1771 965 eninr

971 992 1096 1050 diabolus
1106 1009 1202 1050 omnes
1211 995 1320 1051 ludaeos
1335 1002 1362 1051 ει
1376 994 1493 1070 gentiles
1503 1010 1644 1053 exsecare
1657 1009 1772 1066 nonpo-

968 1081 1028 1149 tuit,
1044 1082 1156 1139 immisit
1174 1083 1214 1139 eis
1239 1083 1391 1154 haereticos,
1417 1092 1444 1140 ει
1464 1085 1599 1157 quosdam
1622 1083 1766 1142 subvenit.

1408 1180 1478 1241 ntes,
1493 1173 1523 1229 in
1542 1172 1641 1247 quibus
1660 1185 1768 1229 stunms

967 1268 995 1315 et
1009 1259 1087 1332 quasi
1102 1259 1184 1315 totius
1198 1258 1262 1316 fidei
1276 1261 1355 1332 origo
1365 1262 1613 1332 comprehenditur,
1631 1259 1702 1319 sicut
1724 1266 1769 1318 esi

966 1348 1158 1421 Evangelium.
1171 1349 1304 1421 Flumina,
1321 1366 1382 1423 quae
1395 1351 1459 1406 inde
1473 1352 1625 1421 trahuntur,
1641 1349 1711 1407 sicut
1725 1364 1770 1407 ex·

967 1437 1117 1510 positiones
1128 1453 1223 1494 eorum
1237 1446 1309 1506 sunt,
1325 1438 1353 1493 in
1368 1439 1467 1512 quibus
1482 1446 1544 1494 sunt
1557 1439 1611 1495 duo
1626 1454 1724 1494 sensus
1738 1436 1767 1494 ie

967 1526 1079 1599 delium,
1095 1527 1245 1583 historialis
1259 1535 1285 1584 et
1301 1527 1477 1602 allegoricus.
1499 1528 1605 1584 Tertius
1620 1535 1662 1584 est
1677 1528 1768 1585 heere·

969 1613 1094 1683 ticorum,
1112 1631 1174 1672 cum
1187 1616 1307 1672 hereses
1322 1633 1386 1672 suas
1402 1615 1564 1673 confirmant
1578 1615 1673 1689 pravis
1685 1631 1769 1690 expo-

117 1686 222 1744 tiiorrni
244 1686 345 1759 Spiritu
363 1686 491 1743 imbutos.
516 1688 552 1743 Ει
570 1687 644 1743 dotoe
666 1689 744 1743 tunt.
770 1682 843 1754 Quia
864 1698 920 1740 non
935 1702 1115 1796 Bgiqonibu,
1129 1703 1341 1778 Scriptummm·

116 1776 245 1849 displicet
259 1777 317 1833 Deo
331 1776 469 1832 damnatio
483 1775 641 1848 impiorum.

1006 1819 1091 1875 Vens.
1108 1822 1152 1878 ιι.
1167 1850 1203 1862 -
1217 1821 1253 1878 st
1266 1823 1381 1894 quartos
1396 1820 1525 1892 capellas.
1541 1818 1661 1890 Quartus
1671 1817 1772 1877 dicitur

151 1891 239 1948 sts.
252 1894 278 1947 3·
295 1921 331 1933 ··
341 1892 377 1948 Εἰ
392 1891 467 1948 alili
482 1891 612 1964 ‘mimi-
630 1889 710 1947 5⁸³²st
723 1888 840 1965 andem
856 1895 919 1946 “¹¹¹⁶
970 1906 1068 1964 ordine
1081 1907 1255 1977 narrationis,
1271 1915 1298 1964 et
1312 1909 1408 1965 ordine
1422 1907 1472 1965 rei.
1493 1909 1560 1965 Cum
1579 1909 1653 1965 enim
1676 1908 1772 1965 diabo-

113 1979 200 2038 altare
221 1987 332 2052 paratus
353 1979 506 2049 irnnrclare,
532 1979 568 2035 ed
592 1978 797 2034 similitudinem
820 1993 918 2035 sacer·
969 1995 1014 2052 lus
1036 1996 1171 2069 quosdam
1194 1996 1229 2052 de
1252 1996 1392 2053 Judaejset
1416 1997 1565 2071 gentilibus
1582 2004 1766 2069 mmet,

114 2067 197 2139 dolis,
214 2068 258 2125 vel
273 2068 396 2124 Christus
407 2078 449 2124 est
463 2067 548 2124 altere
564 2067 609 2141 qui
624 2084 654 2123 se
670 2067 776 2135 obtulit,
794 2074 821 2123 et
836 2083 919 2139 super
971 2084 1081 2141 [andem
1108 2084 1183 2156 ipsos
1206 2083 1278 2142 filios
1298 2085 1430 2142 Ecclesiae
1453 2101 1613 2160 expugnare
1633 2101 1765 2159 ΨΜ,

116 2173 199 2229 quem
213 2155 338 2214 Ecclesia
351 2155 431 2213 offert
446 2157 504 2212 DOO
514 2170 622 2228 preces·
631 2156 717 2213 stem
732 2158 800 2211 ante
813 2155 916 2225 altare,
968 2181 1019 2241 est,
1037 2180 1064 2228 et
1078 2174 1210 2244 quosdam
1225 2174 1325 2245 rapuit,
1342 2182 1398 2229 mm
1413 2175 1530 2244 majores
1544 2190 1627 2247 quam
1634 2173 1765 2232 minore&

114 2244 143 2302 id
159 2254 202 2302 est
211 2252 273 2301 ente
288 2245 420 2316 scipsum,
437 2244 570 2317 quianon
585 2244 669 2301 habet
678 2244 858 2300 mediatorem
867 2260 919 2316 per
968 2258 1025 2317 Has
1039 2268 1156 2334 quatuo,-
1170 2262 1359 2318 damnationes
1372 2271 1401 2317 ω
1422 2262 1574 2334 mrem„
1588 2262 1719 2332 mmm,
1736 2270 1767 2319 ω

115 2350 199 2406 q¹¹⁰¹⁰
217 2334 334 2405 Plassffli·
367 2334 484 2390 Haben&
514 2333 640 2390 Di⁰¹¹¹l¹¹⁵
670 2349 704 2388 ‘³¹
725 2332 918 2405 llfaedissistifflle
966 2359 1031 2422 pote
1045 2366 1106 2422 quae
1120 2349 1241 2422 quotidie
1255 2351 1381 2406 videntur
1403 2350 1432 2406 in
1451 2350 1583 2408 ecelesiis.
1607 2353 1675 2408 Tres
1697 2366 1764 2409 vero

111 2421 249 2491 lusswfflffl
263 2429 422 2478 Olenium
438 2421 640 2477 difflmfifflssffl
664 2419 820 2493 mimium>
842 2436 917 2493 ΡΜ)-
965 2438 1069 2495 iuturus
1084 2438 1260 2510 praenuntiari
1282 2437 1356 2509 iacit,
1381 2446 1411 2494 ut
1432 2439 1529 2496 doceat
1550 2439 1578 2494 in
1608 2438 1768 2497 novissimis

113 2511 195 2566 mittit
208 2510 285 2584 quasi
298 2511 512 2579 excusationem,
529 2527 563 2566 ne
588 2511 628 2567 eis
648 2510 729 2582 culpa
747 2510 782 2566 de
804 2509 917 2565 damne-
965 2527 1141 2599 temporibus,
1168 2527 1249 2584 epam
1269 2527 1413 2600 gravioms
1435 2527 1580 2599 meriti,
1609 2527 1764 2597 imminere,

114 2598 517 2672 ti⁰¹105¹¹¹lli⁰s¹¹¹1¹inputetur,
543 2599 608 2672 quia
629 2606 760 2670 quantum
783 2598 818 2653 “d
842 2598 917 2671 59802
964 2615 1038 2690 quod
1052 2615 1133 2672 etism
1147 2616 1183 2672 ad
1193 2616 1408 2674 consolationem
1421 2616 1596 2689 presentium
1611 2623 1701 2688 potest
1715 2631 1764 2674 re·

113 2687 272 2760 praedicatio
287 2702 383 2743 eorum
398 2688 479 2755 bona,
497 2695 523 2743 ει
537 2702 554 2743 a
570 2687 642 2744 bono
656 2688 770 2744 doctore
784 2687 915 2757 iniuncta.

116 2776 314 2834 Tharibclum.
331 2776 361 2832 ld
375 2782 417 2831 est
431 2776 579 2849 apostolos,
597 2775 644 2848 qui
666 2782 728 2832 sunt
742 2790 810 2833 vasa
831 2775 916 2850 ignis,

114 2864 198 2922 idest
213 2865 332 2937 Spiritus
347 2865 444 2932 sancti,
460 2873 487 2920 ει
502 2865 651 2938 dequibus
665 2873 765 2921 exeunt
779 2865 917 2939 orationes

113 2968 175 3027 quae
192 2953 335 3009 elevantur
348 2968 441 3011 coram
456 2954 524 3009 Deo.
541 2955 580 3010 be
595 2955 779 3011 orationibus.
791 2953 865 3010 Dixit
880 2954 915 3012 dc

112 3042 299 3110 orationibus,
315 3050 342 3098 et
355 3057 410 3098 non
426 3044 577 3110 orationes,
594 3042 658 3115 quia
672 3057 726 3098 uon
740 3058 837 3099 omnes
851 3058 916 3189 omri
931 3092 956 3157 c
963 3090 1061 3133 omnes
1075 3093 1156 3146 unus,
1171 3075 1234 3150 quia
1248 3076 1283 3134 ,d
1297 3077 1370 3134 idem
1384 3079 1508 3134 tendunt,

881 3148 898 3187 a

115 3129 206 3187 tiones
221 3139 405 3203 representat
418 3131 501 3198 Patri,
524 3131 573 3186 sed
597 3146 645 3187 cas
668 3131 860 3205 exauditque

112 3217 230 3276 salutem
245 3219 391 3292 pertinent.
400 3220 439 3276 be
449 3219 632 3287 orationibus,
643 3219 707 3292 quia
716 3219 910 3304 illiqliquando

111 3315 208 3380 petunt
223 3308 295 3381 quod
310 3307 457 3381 petendum
469 3323 522 3365 nou
538 3315 621 3375 esset,
638 3313 668 3364 ut
681 3308 791 3364 Paulus.
824 3309 914 3381 Super

112 3412 234 3453 aureum
247 3397 349 3453 altore.
366 3396 396 3451 ld
411 3403 452 3452 est
467 3395 506 3451 illi
521 3395 617 3468 quiest
627 3411 712 3468 supra
721 3412 751 3452 se
761 3396 913 3454 secundum

112 3484 316 3551 humanitatem,
333 3484 483 3541 seeundum
498 3499 581 3558 quam
596 3492 638 3541 εει
659 3485 746 3541 altare
760 3485 910 3542 Trinitatis.

146 3601 233 3657 Vsus.
248 3603 274 3658 l.
292 3631 326 3642 -
340 3602 456 3658 Fumea.
479 3600 658 3673 compunctio
679 3610 824 3673 procreata
845 3618 912 3661 cra·

111 3689 192 3746 tionis
207 3690 306 3756 studio,
322 3688 386 3762 igne
401 3689 513 3747 visionis
528 3691 578 3746 Dei
588 3690 702 3747 interius
711 3706 838 3749 accensa.

146 3791 231 3849 Vens.
250 3795 276 3848 d.
293 3822 328 3833 -
341 3794 587 3865 Proeporcccrcnt.
605 3792 696 3864 idest,
711 3792 787 3866 prius
815 3792 913 3867 imme-

113 3886 211 3938 verunt
225 3896 309 3953 opere
325 3897 387 3953 quae
401 3881 499 3937 dicturi
515 3889 591 3937 erent
605 3897 663 3938 ore.
680 3882 739 3951 tet,
763 3899 911 3957 proepora-

111 3973 221 4039 cerunt,
236 3968 264 4025 id
280 3977 321 4025 εει
340 3968 525 4042 praeviderunt
549 3969 613 4043 quid
634 3970 793 4028 conveniret
808 3971 912 4029 uuicui-

111 4073 165 4132 que
179 4074 316 4131 personas.

143 4167 179 4223 ut
193 4168 306 4240 primus
320 4150 449 4239 coaetus.
466 4164 571 4229 Ordino
585 4166 758 4240 narrationis,
779 4168 823 4225 vel
846 4169 911 4242 quie

109 4253 166 4312 hec
181 4255 290 4312 caecitas
305 4254 463 4312 ludaeorum
474 4255 551 4328 prius
565 4256 679 4332 contigit
698 4257 912 4329 predicantibus

110 4342 251 4415 apostolis.

965 2703 1088 2866 d¹8¹vm
1104 2813 1147 2867 te.
1163 2840 1198 2853 -
1213 2812 1301 2899 liciace
1311 2812 1423 2884 aquile.
1441 2811 1536 2885 Aquila
1553 2825 1652 2868 cmnes
1665 2809 1767 2885 predi·

966 2907 1081 2970 catores,
1092 2898 1139 2972 qui
1152 2908 1242 2957 mente
1256 2900 1388 2974 loginqua
1409 2900 1588 2973 conspiciunt,
1612 2909 1640 2957 et
1664 2899 1767 2958 Eccle-

967 2987 1036 3043 siam
1046 2989 1257 3058 circumcuntes,
1268 2988 1443 3061 praedicendo
1454 2989 1552 3058 futura,
1565 2989 1690 3046 muniunt
1701 3005 1708 3045 :
1720 2987 1768 3048 bic

1273 3236 1387 3296 ctrur
1405 3237 1454 3294 [X.

999 3373 1086 3433 Vens.
1104 3379 1231 3434 1.-Ει
1248 3379 1365 3451 quintus
1387 3367 1517 3452 sepcies.
1543 3378 1647 3438 Ordine
1669 3391 1770 3438 narra·

964 3464 1046 3522 tionis
1061 3472 1089 3522 ει
1102 3465 1199 3522 ordine
1222 3466 1353 3539 temporis
1376 3466 1420 3524 bic
1440 3468 1556 3544 angelus
1582 3467 1679 3528 dicitur
1706 3484 1770 3527 essa

965 3561 1087 3627 quartus.
1105 3554 1154 3611 llic
1168 3562 1210 3611 est
1225 3556 1298 3611 enim
1314 3554 1453 3613 damnatio
1467 3572 1562 3614 eorum
1581 3573 1651 3630 qnos
1672 3557 1767 3616 diabo-

962 3642 1006 3699 lus
1019 3642 1138 3698 immittit
1152 3643 1187 3699 ad
1201 3645 1396 3715 praeparandas
1411 3645 1469 3701 vias
1487 3653 1550 3701 ante
1566 3645 1664 3703 iaciem
1688 3646 1765 3702 Anti·

963 3729 1067 3789 christi.
1084 3732 1119 3787 st
1135 3732 1192 3788 vidi
1206 3732 1331 3789 stellam.
1348 3732 1378 3788 ld
1402 3741 1444 3790 cst
1466 3734 1602 3790 flammam
1626 3732 1768 3793 namuco·

963 3835 1023 3876 rum
1038 3819 1073 3876 de
1089 3836 1142 3893 qua
1156 3835 1245 3893 pauca
1263 3821 1377 3888 dixerat,
1403 3829 1430 3878 et
1453 3838 1507 3895 quo
1532 3821 1626 3879 iomite
1647 3821 1769 3880 creverit

963 3907 1082 3981 exponit.
1101 3909 1230 3966 Stellam.
1248 3910 1278 3967 ld
1292 3917 1334 3967 εει
1348 3910 1488 3967 diabolum
1512 3911 1667 3979 cadentem,
1686 3919 1715 3968 et
1728 3926 1765 3968 ne

962 3996 1023 4070 quis
1038 3996 1171 4055 inlocum
1186 3999 1255 4069 eius,
1271 3999 1354 4055 idest
1375 3999 1404 4055 in
1425 3999 1584 4073 paradisum
1607 4008 1662 4068 eat,
1682 3999 1765 4057 tabo·

963 4094 1077 4143 rentem.
1093 4089 1128 4144 rt
1147 4086 1215 4145 data
1228 4091 1280 4145 εει.
1292 4088 1425 4161 Abyssus,
1437 4087 1465 4146 id
1488 4096 1530 4147 est
1544 4089 1695 4147 tenebrosi.
1710 4089 1764 4146 Pu·

961 4181 1033 4242 teus,
1049 4175 1079 4232 id
1094 4184 1136 4232 est
1149 4175 1340 4248 profundiores
1354 4177 1486 4247 haretici,
1512 4179 1577 4251 quia
1599 4177 1669 4236 alios
1692 4193 1764 4236 mer·

961 4271 1029 4337 gunt
1042 4263 1135 4336 pravis
1150 4265 1301 4322 sententiis.
1318 4266 1350 4322 ln
1362 4267 1414 4323 hos
1428 4267 1543 4336 clavem,
1567 4267 1596 4323 id
1612 4275 1654 4325 est
1666 4273 1762 4340 poles·

961 4360 1044 4410 tatem
1058 4354 1184 4427 accipere
1198 4354 1307 4422 dicitur,
1325 4355 1387 4428 quia
1401 4363 1466 4414 tunc
1480 4371 1536 4412 non
1555 4355 1626 4413 deut
1645 4355 1730 4412 modo
1744 4370 1762 4413 a

142 4457 228 4514 vm,
245 4461 272 4514 7,
284 4486 319 4500 ...
332 4460 368 4515 pp
382 4460 462 4529 fam
478 4462 526 4516 m
539 4458 656 4532 mmo,
672 4459 703 4517 qd
716 4468 759 4518 ρει
772 4452 945 4534 praedjffl]
960 4441 1019 4499 Dec
1029 4441 1217 4500 refrenabitur.
1234 4442 1284 4500 Vel
1298 4443 1441 4502 clavisilla
1461 4452 1524 4501 sunt
1546 4442 1600 4517 ipsi
1620 4443 1761 4517 principes

105 4543 143 4602 tio
157 4546 219 4601 aliis
234 4546 337 4615 suevis,
354 4547 413 4602 visa
428 4554 471 4605 est
485 4547 526 4604 eia
544 4548 684 4605 condense
706 4558 733 4605 ει
753 4550 857 4624 gravis.
873 4551 909 4609 in

107 4635 225 4692 temam
241 4634 329 4692 iudei
345 4644 408 4691 sunt
422 4644 552 4708 tanquam
579 4642 653 4692 terra
673 4637 773 4695 exculti
796 4654 847 4709 per
869 4638 909 4696 le·

106 4737 170 4795 geru
185 4731 213 4780 et
227 4725 386 4797 prophetes.

142 4812 291 4871 Arborum.
304 4814 357 4870 Per
378 4813 490 4870 arbores
514 4813 704 4888 intelliguntur
723 4814 842 4886 majores
860 4816 907 4875 lu·

104 4901 157 4959 daei
173 4901 238 4976 3qui
251 4900 352 4976 inlege
368 4901 427 4959 sine
443 4902 556 4976 quercla
572 4902 815 4961 conversabantur.

141 5008 226 5066 Vens.
243 5011 270 5066 8.
282 5036 317 5054 -·
331 5010 366 5066 iit
381 5010 522 5067 sccundus
537 5010 665 5084 scaelus,
689 5012 839 5069 secundum
860 5026 906 5070 or·

104 5097 197 5155 dinem
206 5097 380 5167 narrationis,
397 5104 425 5154 ct
440 5098 591 5154 secundum
607 5099 680 5173 quod
692 5100 834 5174 impletum
842 5100 902 5159 fuit

103 5185 205 5244 ludaeis
216 5185 288 5243 enlm
303 5186 455 5253 excaecntis,
472 5187 587 5259 apostoli
598 5196 661 5244 sunt
674 5188 710 5245 ed
725 5198 822 5265 gentes
837 5204 904 5248 con·

103 5275 185 5332 versi.
202 5276 235 5330 ln
249 5291 340 5331 mare.
360 5274 482 5331 Gentiles
492 5282 555 5331 sunt
567 5291 654 5346 mare,
677 5277 705 5332 id
729 5284 770 5335 est
788 5278 903 5337 fluentes

103 5362 132 5418 in
145 5363 229 5420 multa
243 5362 307 5419 vitia
325 5381 331 5429 ;
349 5363 491 5435 inquibus
515 5378 577 5421 cum
594 5373 656 5423 ante
671 5374 744 5422 εεεει
767 5367 900 5436 diabolus,

104 5466 169 5509 vere
183 5460 275 5509 tamen
289 5452 389 5508 missus
399 5452 508 5519 dicitur,
522 5453 584 5526 quia
598 5455 760 5527 quibusdam
770 5457 902 5515 receden-

102 5540 174 5598 tibus
189 5540 389 5603 aliosretinere
404 5542 507 5598 nititur.

139 5630 224 5688 vnis.
240 5633 267 5687 9.
284 5658 318 5672 -
334 5631 442 5689 llorttm
458 5635 501 5690 est
512 5633 608 5691 tertio.
625 5633 693 5693 Dttae
705 5641 805 5708 peries,
821 5633 849 5694 id
860 5641 901 5695 cst

959 4546 1010 4603 per
1023 4546 1092 4605 quos
1106 4530 1229 4589 heretici
1242 4540 1400 4604 operantur.

995 4646 1080 4702 Vens.
1097 4650 1123 4705 ι.
1139 4676 1174 4686 -
1188 4647 1307 4720 Aperuit
1314 4650 1434 4720 puteum
1444 4647 1546 4721 abyssi.
1562 4647 1757 4723 Haresesquas

956 4733 1077 4791 latebant
1091 4733 1119 4790 in
1133 4734 1263 4791 cordibus
1291 4749 1384 4792 eorum
1409 4734 1528 4808 proferri
1551 4735 1625 4794 iecit.
1650 4739 1757 4796 vaoe

955 4823 1093 4896 [omnem.
1109 4823 1240 4881 Doctrina
1261 4823 1421 4880 Antichristi
1443 4833 1518 4883 recte
1542 4824 1642 4883 dicitur
1665 4825 1756 4882 fumus

956 4910 1083 4986 quoniam
1094 4911 1154 4985 ipse
1167 4911 1349 4970 Antichristus
1364 4919 1406 4970 est
1414 4912 1510 4971 fornax
1518 4928 1642 4988 purgans
1655 4912 1753 4984 bonos,

955 5008 982 5058 et
994 5000 1024 5057 in
1037 5001 1157 5058 cinerem
1172 5002 1303 5077 redigens
1317 5002 1415 5060 malos.
1429 5003 1601 5062 obscuratae
1615 5008 1659 5062 εει
1671 5005 1714 5063 sol
1723 5009 1753 5062 ει

954 5104 1012 5147 scr.
1028 5089 1063 5146 lit
1076 5105 1126 5162 per
1139 5092 1192 5148 hoc
1201 5090 1325 5163 percussi
1346 5099 1409 5148 sunt
1431 5091 1541 5166 qxtidam
1565 5091 1751 5152 illuminantes

953 5177 1032 5245 alios,
1049 5179 1195 5252 etquidem
1208 5180 1350 5237 illuminati
1365 5181 1399 5236 eb
1414 5180 1464 5238 eis.

987 5285 1073 5342 Vnns.
1089 5289 1115 5342 3.
1131 5317 1165 5327 -
1179 5287 1322 5345 Εείενεηι
1337 5289 1460 5345 beccus.
1477 5287 1612 5364 Discipuli
1636 5289 1746 5347 bereti-

951 5386 1047 5430 corum
1056 5374 1169 5432 locustis
1183 5385 1387 5449 comparantur,
1413 5377 1475 5450 quia
1498 5395 1587 5453 neque
1605 5379 1697 5436 volant
1719 5378 1748 5435 in

951 5463 1036 5519 altum
1052 5479 1059 5520 τ
1075 5463 1143 5536 sive,
1158 5465 1414 5539 contemplationem
1422 5484 1472 5540 per
1481 5468 1664 5541 cognitionem
1676 5483 1683 5522 ε
1695 5466 1745 5523 sed

951 5551 1082 5624 superbia
1096 5553 1206 5626 salium,
1222 5564 1249 5613 ει
1263 5556 1290 5612 in
1304 5557 1383 5629 pejus
1397 5557 1528 5625 recidunt,
1544 5563 1571 5613 et
1584 5563 1648 5613 sunt
1657 5570 1739 5613 corro

950 5655 1028 5698 sores
1042 5640 1188 5701 bonorum.
