3772 6112
170 222 222 280 ’795

400 217 602 279 wstsratut
620 218 743 279 suanm
761 219 862 278 rusb.
883 217 968 276 uon.
989 217 1066 276 OPP.
1086 217 1175 276 PARS
1193 218 1215 276 l.
1235 248 1270 261 -
1287 215 1524 276 mutuatos.

1768 219 1820 278 ‘lid

572 564 1049 700 wuttsatot
1103 563 1405 700 stater

795 808 987 865 FULDENSlS
1009 807 1171 866 MONACHI

159 995 443 1196 ‘lllltll
483 994 1077 1194 tulllllllltltll
1118 995 1353 1193 llsslll
1389 999 1452 1196 tl
1487 999 1816 1203 lllltlttl

660 1309 859 1377 (colvenerius,
875 1307 966 1379 Opera
978 1305 1053 1362 Beati
1068 1306 1173 1363 liubani
1188 1306 1298 1378 Mauri.)

471 1565 663 1624 PRAEFATIO.

200 1691 344 1763 sequentis
358 1690 432 1757 libri,
449 1691 476 1746 id
499 1701 540 1747 est
563 1690 685 1760 levitici,
711 1689 901 1747 brevissimam
926 1688 971 1744 ad·

165 1779 337 1837 notationem
361 1795 414 1853 ego
437 1780 561 1845 Strabns,
583 1781 706 1835 tradente
722 1778 832 1835 domino
858 1778 971 1836 Rabano

168 1867 203 1923 ab
215 1868 286 1933 bate,
298 1868 358 1923 viro
373 1868 401 1921 in
415 1869 508 1923 multis
518 1869 639 1924 scientias
655 1868 755 1924 divinae
776 1868 891 1939 eloquiis
912 1884 972 1939 spe.

169 1956 305 2014 stabiliter
327 1956 470 2024 adornato,
488 1965 618 2028 quantum
643 1957 758 2012 tenuitas
773 1956 905 2028 ingenioli
917 1955 971 2012 mei

169 2045 352 2118 permittebat,
370 2045 532 2100 abbreviare
543 2045 645 2111 curavi,
661 2053 689 2100 ut
703 2045 766 2116 quis
781 2045 920 2101 memoriae
930 2052 970 2101 te-

161 2133 305 2191 nacitatem
319 2133 347 2188 in
369 2149 413 2189 me
435 2148 488 2189 non
512 2149 657 2205 cognosco,
681 2134 777 2189 saltem
799 2134 834 2188 ad
864 2133 969 2205 putatis

162 2221 344 2296 glossularum
360 2237 512 2288 recurrens,
529 2222 644 2293 aliquam
655 2237 750 2278 eurum
764 2238 824 2294 qua
833 2222 904 2276 mibi
914 2230 968 2276 tra·

161 2309 218 2366 dita
233 2318 294 2365 sunt
309 2318 412 2381 purtem
428 2325 632 2383 recognoscam.
652 2311 707 2367 Sed
724 2311 787 2383 qnia
797 2326 968 2383 nequaqnam

159 2398 212 2455 hoc
226 2415 241 2453 a
257 2399 353 2454 notitia
367 2399 482 2454 aliorum
496 2400 664 2455 abscondere
684 2408 707 2465 ⁸,
730 2400 810 2455 valde
840 2400 967 2455 obsecro

159 2493 196 2554 te,
212 2487 365 2561 quicunque
380 2488 492 2561 legeris,
510 2489 532 2542 si
549 2489 614 2560 quid
633 2489 662 2542 in
679 2504 712 2543 eo
729 2504 808 2544 secus
825 2488 966 2560 quamde-

123 2632 127 2640 ,
159 2584 203 2634 oet
217 2576 319 2632 dictum
333 2576 480 2643 inveneris,
497 2584 525 2632 ut
540 2593 593 2633 non
622 2576 661 2632 illi
685 2577 731 2649 qui
749 2577 800 2632 boc
825 2577 860 2632 de
884 2576 966 2648 pleno

159 2665 300 2738 sapientise
314 2663 388 2720 fonte
402 2665 532 2721 ltauriens
556 2665 622 2720 mibi
643 2664 797 2730 transfudit,
821 2665 871 2720 sed
892 2680 961 2720 mcae

158 2753 263 2810 inertiae
277 2755 406 2825 deputare
429 2754 553 2825 incipias,
570 2754 615 2827 qui
629 2754 704 2825 potui
718 2771 774 2825 prae
788 2753 879 2825 inopia
902 2770 965 2808 sen-

159 2843 295 2900 suslacile
309 2843 427 2898 deviare.
444 2843 538 2898 Studui
555 2859 671 2914 namque
684 2844 759 2912 juxta
774 2841 855 2897 ludera
871 2843 966 2898 catlrn-

159 2931 250 2997 licam,
267 2939 397 3003 quantum
410 2931 476 2985 mihi
496 2930 664 2986 fideiauctor
683 2931 835 2987 concedere
865 2929 963 3002 digna-

159 3026 204 3076 tus
218 3029 269 3087 cst,
286 3036 346 3092 quae
360 3019 427 3075 mihi
437 3019 465 3073 in
479 3035 523 3074 me
537 3019 667 3075 seminata
677 3026 740 3073 sunt
752 3019 787 3074 sd
802 3018 959 3074 alimentum

159 3109 258 3165 animae
271 3124 340 3164 mese
356 3108 514 3163 recondere.
526 3108 592 3161 lirat
602 3115 693 3163 autern
705 3107 731 3161 in
746 3107 824 3176 bidus
839 3107 901 3162 libri
910 3124 960 3164 ex-

160 3196 295 3268 positione
310 3196 407 3251 ductor
416 3195 578 3266 Hesychius,
588 3196 836 3267 Hierosolymomm
846 3196 961 3268 presby-

161 3290 212 3351 ter,
228 3283 292 3340 iidei
302 3283 418 3355 integer,
442 3292 470 3338 et
496 3283 605 3339 veritate
626 3281 750 3339 suffultus
772 3299 835 3341 cum
856 3284 961 3342 caeteris

159 3371 263 3428 sanctis
278 3372 442 3429 doctoribus.
459 3372 532 3443 Lege
548 3371 671 3428 feliciter.

422 3514 536 3571 CAPUT
554 3515 700 3573 PRIMUM.

192 3639 328 3706 versans,
345 3638 427 3695 idest
445 3639 590 3707 leviticus,
608 3640 684 3713 quasi
698 3638 848 3696 oblatorius
872 3655 961 3696 sacer·

156 3727 255 3785 dotalis
269 3727 356 3783 liber.
372 3729 449 3784 llnnc
463 3728 564 3785 librum
581 3728 717 3800 superiori
740 3728 881 3784 adhaerere
903 3744 964 3784 ma-

162 3816 263 3874 nifesta
290 3816 361 3872 ratio
388 3816 504 3888 probat,
527 3816 588 3889 quia
608 3817 635 3872 iu
653 3832 686 3873 eo
709 3818 775 3872 illud
798 3816 961 3874 tabemacu-

156 3905 214 3963 lum
225 3906 538 3978 construebatur,dequo
546 3905 598 3961 ista
606 3923 666 3980 quae
673 3905 701 3960 in
712 3906 780 3962 libro
789 3905 897 3980 [Exodi]
906 3924 962 3964 scr·

160 3995 251 4052 vande
263 3995 402 4064 jubentur,
417 3994 638 4065 praeciperentur.
662 3994 740 4064 Quod
760 3994 963 4051 tabernaculum

165 4082 317 4141 Ecclesiam
331 4082 376 4138 vel
389 4091 508 4139 sancum
524 4082 693 4154 Scripturam
702 4083 801 4155 signat,
819 4083 964 4157 dequibus

160 4172 241 4230 nobis
262 4170 351 4227 omnis
373 4186 447 4226 sanae
468 4171 599 4227 doctrine
622 4171 763 4243 plenitudo
783 4172 960 4229 ministratur.

155 4261 243 4319 Porro
257 4260 329 4334 quod
345 4259 443 4316 dicitur
456 4260 603 4314 Dominum
617 4275 731 4317 vocasse
745 4262 840 4334 llyseu
849 4261 884 4316 dc
915 4269 958 4316 ta-

156 4350 304 4408 bemaculo
319 4348 477 4416 testimonii,
504 4348 593 4422 signat
614 4349 687 4421 quod
707 4350 840 4406 Dominus
862 4351 956 4408 docto·

157 4456 204 4496 res
218 4439 349 4495 Ecclesiae
362 4438 390 4494 in
404 4438 545 4510 Scriptura
567 4446 661 4495 sancta
682 4439 813 4495 Ecclesiae
831 4440 956 4512 discipli-

157 4529 201 4584 nis
214 4528 248 4583 ad
264 4526 384 4584 fidelium
399 4527 506 4582 instruit
522 4528 646 4597 salutem,
663 4527 709 4600 qui
728 4529 873 4600 loquuntur
894 4529 958 4585 tiliis

152 4616 250 4682 lsrael,
268 4617 295 4671 id
320 4624 362 4673 est
384 4614 511 4672 fidelibus
532 4617 675 4673 consilium
701 4617 795 4672 salutis
819 4617 959 4689 imponunt

154 4705 265 4761 «bomo
282 4705 328 4778 qui
343 4705 472 4761 obtulerit
495 4705 623 4762 bostiam.
643 4727 654 4756 s
676 4706 819 4762 llominem
840 4707 905 4763 dicit
928 4715 958 4763 nt

157 4793 204 4851 illa
220 4794 266 4866 qui
288 4794 371 4867 digne
392 4794 451 4849 Deo
474 4802 537 4850 vota
561 4794 635 4866 cupit
655 4794 764 4863 offerre,
789 4795 895 4852 ratione
917 4794 960 4850 in·

159 4882 210 4939 sita
226 4883 277 4937 sibi
291 4883 361 4939 bene
383 4891 482 4952 utatur,
498 4899 533 4939 uc
553 4883 683 4952 jumentis
704 4883 894 4956 insipientibus
915 4898 960 4940 ss·

154 4969 297 5026 similetur.
314 4971 410 5027 llostia
428 4971 527 5028 dicitur
541 4971 604 5028 inde
619 4973 692 5044 qnod
705 4973 740 5028 sd
755 4973 854 5030 ostium
865 4973 960 5030 taber·

152 5058 243 5114 baculi
265 5059 424 5125 ducebatur,
453 5068 480 5116 et
499 5060 537 5116 ibi
558 5061 675 5116 Domino
699 5060 872 5119 oflerebatur.
892 5083 903 5115 c
920 5064 961 5120 De

154 5145 310 5221 pecoribus,
329 5148 386 5203 »id
410 5156 451 5204 est
472 5149 601 5220 operibns
618 5149 732 5206 actualis
753 5151 815 5208 vitae
835 5168 896 5224 qua
918 5167 962 5208 se-

157 5235 276 5294 cundum
290 5250 403 5291 carnem
417 5236 485 5293 liunt
501 5256 508 5304 ·,
524 5237 553 5292 in
576 5240 753 5311 sequentibus
769 5240 842 5296 enim
857 5241 892 5297 de
906 5241 963 5299 vita

157 5324 369 5397 contemplativa
388 5323 451 5381 iacit
474 5327 650 5394 mentionem,
673 5328 720 5384 ubi
748 5327 783 5384 de
803 5329 963 5386 volucribus

162 5421 268 5472 tractat.
288 5436 299 5464 «
326 5414 368 5469 De
391 5412 480 5469 bobus
497 5422 524 5468 et
547 5414 683 5471 ovibus.»
708 5418 738 5472 ln
760 5418 848 5474 bobus
876 5432 964 5490 opera

160 5504 233 5562 bonu
258 5519 319 5575 qua
338 5501 464 5557 iratribus
485 5502 685 5572 impenduntur,
711 5506 739 5560 in
762 5507 860 5563 ovibus
879 5524 964 5580 opera

204 5645 217 5673 ⁸
232 5637 316 5696 Deest
330 5636 441 5711 aliquid.

983 1565 1197 1637 Asimplicitatis
1213 1567 1312 1639 quibus
1327 1569 1362 1624 ab
1376 1570 1451 1626 omui
1469 1570 1582 1628 laesione
1604 1581 1732 1629 cessatur
1749 1575 1818 1632 soci·

1020 1655 1119 1726 pimus.
1135 1657 1212 1712 Unde
1241 1657 1373 1713 Dominus
1385 1658 1452 1715 dicit
1467 1678 1474 1714 :
1492 1681 1503 1711 ι
1516 1661 1612 1717 Εειοιε
1622 1662 1776 1732 prudentes
1784 1664 1818 1719 si·

1020 1752 1065 1801 cut
1074 1753 1227 1816 serpentes,
1250 1754 1278 1801 et
1293 1746 1432 1817 simplices
1456 1748 1524 1804 sicut
1547 1749 1685 1807 columbae
1708 1752 1816 1821 (battle.

1020 1832 1093 1903 xie»
1110 1836 1149 1888 Ac
1164 1833 1283 1902 sidicat,
1301 1857 1312 1885 r
1335 1835 1491 1906 prudentes,
1509 1857 1520 1888 ι
1545 1846 1574 1892 ut
1593 1853 1682 1909 opera
1708 1840 1817 1897 miseri-

1020 1921 1121 1977 cordiae
1134 1921 1262 1977 fratribus
1276 1923 1457 1994 impartiatis;
1476 1946 1487 1977 ι
1504 1925 1656 1996 simplices,
1671 1943 1817 2001 »nequem

1019 2010 1171 2067 voluntarie
1193 2010 1337 2066 laedatis«
1364 2011 1489 2068 Offerens
1511 2014 1678 2071 victimas.»
1704 2016 1818 2074 Victima

1019 2098 1128 2165 dicitnr,
1143 2100 1189 2172 qui
1202 2100 1371 2157 vinciebatur
1393 2109 1419 2157 et
1433 2101 1611 2158 occidebatur
1626 2119 1680 2176 pro
1695 2105 1815 2173 victoris,

1019 2187 1191 2257 offerebatur,
1207 2196 1234 2244 ει
1250 2187 1471 2262 significatomne
1485 2206 1554 2261 opus
1565 2191 1669 2248 bonum
1678 2193 1753 2266 qiud
1767 2195 1817 2251 Do

1018 2278 1092 2333 mino
1105 2278 1226 2333 offertur.
1245 2300 1256 2328 ι
1273 2278 1301 2334 Si
1316 2279 1503 2335 holocaustum
1518 2282 1577 2349 eius
1592 2279 1673 2337 luerit
1681 2282 1814 2339 oblatio.»

1018 2366 1212 2423 llclocanstnm
1227 2375 1269 2422 εει
1290 2375 1377 2423 toturn
1397 2378 1601 2425 concrematum
1624 2379 1653 2427 et
1677 2386 1713 2428 ea
1735 2388 1816 2444 opera

1017 2456 1106 2526 signat
1120 2471 1181 2527 quaa
1195 2456 1311 2510 exomni
1324 2464 1403 2527 parte
1413 2459 1471 2513 Deo
1482 2459 1565 2530 digna
1575 2460 1745 2517 indicantur.
1758 2463 1816 2519 ‹Dc

1017 2552 1152 2609 armento,
1171 2564 1182 2595 ι
1199 2544 1226 2598 id
1242 2551 1293 2611 est,
1309 2545 1344 2600 dc
1359 2545 1528 2602 multitudine
1542 2548 1677 2605 bonorum
1692 2565 1815 2622 operum.

1018 2655 1030 2685 ι
1047 2633 1196 2689 llasculum
1211 2633 1421 2701 immaculatum,
1437 2656 1448 2685 ι
1464 2634 1543 2690 idest
1557 2636 1625 2693 illud
1639 2653 1712 2709 opus
1727 2639 1756 2694 in
1766 2655 1817 2712 quo

1016 2722 1082 2777 nibil
1098 2722 1131 2776 sit
1145 2720 1242 2793 fragile
1258 2731 1284 2777 ει
1299 2721 1418 2779 feminea
1433 2724 1547 2779 mollitia
1563 2733 1672 2796 tepens.
1691 2748 1705 2778 ι
1732 2729 1816 2784 Anni·

1016 2810 1103 2875 culus,
1119 2811 1168 2865 »id
1182 2810 1381 2881 estperiectum
1390 2813 1566 2884 etprobstum
1575 2814 1629 2869 tale
1640 2815 1815 2886 sacrificium,

972 2911 1000 2971 Β
1018 2921 1030 2951 ι
1048 2900 1083 2955 ad
1098 2899 1196 2954 ostium
1210 2899 1386 2966 tabernaculi,
1403 2922 1414 2951 r
1430 2910 1472 2957 est
1495 2903 1702 2975 applicandum,
1724 2906 1755 2963 id
1778 2914 1816 2962 εει

1010 2990 1046 3046 ad
1061 2989 1211 3045 doctrinam
1225 2997 1252 3044 et
1267 2989 1392 3062 exempla
1416 2997 1573 3047 sanctorum
1595 2994 1723 3062 Petrum,
1749 3011 1814 3067 apo·

1011 3078 1140 3134 stolomm
1165 3077 1290 3134 videlicet
1317 3086 1343 3134 ει
1367 3086 1536 3136 caeterorum.
1565 3101 1576 3132 ι
1601 3082 1682 3139 Ponit
1706 3098 1816 3140 manum

1010 3183 1087 3222 suam
1102 3181 1184 3236 super
1197 3175 1277 3237 caput
1290 3166 1395 3235 hostire,
1413 3187 1425 3218 ι
1442 3168 1490 3240 qui
1506 3168 1584 3225 initio
1605 3169 1688 3228 bona
1717 3172 1811 3229 volun·

1010 3254 1072 3311 tatis
1082 3254 1178 3311 studiis
1186 3255 1319 3310 bonorum
1328 3270 1442 3326 operum
1453 3257 1579 3314 insistere
1590 3274 1647 3315 non
1655 3260 1814 3332 tardat,sic·

1010 3359 1064 3417 que
1076 3341 1201 3415 proficiat
1215 3344 1249 3398 ad
1264 3345 1452 3401 remissionem
1472 3353 1659 3416 peccatorum.
1683 3370 1697 3401 ι
1715 3350 1814 3407 lmmo·

1009 3433 1076 3500 labit
1091 3449 1143 3505 que
1157 3433 1269 3488 vitulum
1284 3449 1376 3489 coram
1390 3434 1516 3490 Domino.
1535 3436 1678 3504 ·Vitnlus,
1695 3438 1761 3510 quia
1770 3440 1813 3509 ju·

1011 3521 1117 3578 cundus
1127 3529 1178 3590 est,
1187 3521 1267 3577 docet
1281 3537 1349 3594 opus
1358 3522 1467 3578 Domini
1482 3522 1576 3579 laetitia
1590 3525 1728 3596 spirituali
1736 3542 1813 3600 agen

1010 3608 1085 3665 dum.
1104 3630 1116 3661 ι
1133 3609 1193 3665 Filii
1207 3612 1307 3680 Aaron,
1326 3630 1338 3661 ι
1356 3611 1402 3683 qui
1416 3610 1542 3681 offerunt,
1558 3613 1708 3670 Christiani
1722 3615 1810 3672 sintet

1011 3696 1117 3768 fideles,
1133 3714 1202 3771 quus
1216 3699 1311 3755 Petrus
1325 3700 1561 3775 apostolusgenus
1575 3702 1706 3771 electum,
1718 3704 1809 3779 regule

1010 3787 1193 3843 sacerdotium
1208 3794 1288 3844 vocat
1301 3788 1327 3859 (l
1340 3791 1417 3845 Patr.
1434 3789 1475 3861 rr).
1493 3790 1568 3847 Sicut
1588 3791 1664 3847 enim
1686 3792 1807 3850 Christus

1010 3885 1052 3932 est
1067 3883 1092 3932 ει
1107 3875 1226 3947 pontifex
1241 3884 1267 3932 ct
1281 3877 1378 3948 hostia,
1390 3877 1426 3932 ita
1449 3878 1594 3935 Christiani
1616 3888 1644 3936 et
1664 3897 1718 3951 per
1737 3898 1768 3939 se
1788 3889 1811 3938 et

1010 3965 1039 4020 in
1053 3980 1084 4021 se
1098 3964 1203 4021 hostias
1213 3965 1368 4037 spirituales
1389 3965 1485 4024 offerre
1509 3968 1621 4025 debent.
1648 3969 1811 4044 Sanguinem

1011 4052 1137 4124 offerunt,
1153 4054 1180 4109 id
1194 4062 1235 4109 εει
1249 4054 1369 4111 animam
1384 4073 1470 4127 suam,
1495 4057 1556 4130 quia
1575 4057 1604 4112 in
1628 4057 1734 4116 Genesi
1754 4075 1811 4115 san·

1011 4142 1073 4217 guis
1086 4141 1177 4198 anima
1191 4143 1279 4199 camis
1294 4153 1417 4202 vocatur.
1432 4145 1564 4202 Funditur
1576 4146 1650 4203 circa
1664 4147 1763 4205 altare.
1777 4148 1804 4204 ln

1011 4231 1141 4287 memoria
1156 4231 1453 4289 incarnationistristi
1466 4249 1625 4307 omneopus
1634 4237 1742 4293 boam
1751 4253 1809 4310 per·

968 4311 1104 4376 Clieitur.
1127 4321 1206 4378 Unde
1220 4321 1352 4377 Dominus
1375 4322 1458 4379 dicit:
1479 4344 1491 4373 ι
1516 4325 1575 4381 Ηοε
1596 4327 1812 4400 quotiescunque

1008 4409 1138 4476 feceritis,
1162 4409 1190 4464 in
1208 4425 1298 4466 meam
1321 4412 1609 4469 commemorationem
1636 4413 1731 4474 facite.
1748 4437 1759 4468 ι
1774 4416 1809 4471 De

1009 4513 1063 4569 quo
1078 4498 1156 4554 altari
1171 4499 1297 4570 superius
1311 4499 1408 4556 dicitur
1424 4518 1456 4556 :c
1481 4502 1574 4558 Altare
1589 4502 1626 4559 de
1643 4510 1719 4560 terra
1735 4505 1810 4562 lacie-

1009 4587 1044 4643 tis
1057 4586 1133 4643 mibi.
1153 4608 1164 4637 r
1181 4609 1239 4639 -ι
1258 4587 1336 4657 Quod
1356 4598 1398 4644 est
1422 4589 1457 4646 ad
1480 4591 1578 4646 ostium
1599 4592 1783 4662 tabernaculi,
1799 4613 1809 4644 r

1009 4675 1073 4747 quia
1088 4675 1115 4730 in
1130 4675 1255 4747 ingressu
1279 4675 1343 4733 fidei
1366 4678 1457 4734 statim
1479 4679 1514 4735 dc
1537 4678 1591 4736 lide
1620 4679 1812 4739 incarnationis

1010 4763 1107 4820 Christi
1123 4764 1279 4821 imbuimur.
1295 4767 1448 4822 Detralritur
1463 4768 1552 4840 pellis,
1570 4768 1637 4825 dum
1658 4770 1811 4828 divitiarum

1010 4860 1036 4910 et
1052 4852 1208 4909 facultatum
1223 4855 1397 4926 superfluitas
1408 4856 1575 4914 imminuitur
1588 4867 1619 4914 ut
1642 4875 1678 4916 eo
1698 4859 1810 4917 liberius

1010 4942 1097 4998 hostia
1111 4942 1176 4999 boni
1191 4943 1280 5014 operis
1295 4943 1460 5002 immoletur.
1484 4945 1559 5016 Quas
1581 4946 1692 5005 divitias
1713 4948 1742 5005 in
1761 4947 1811 5006 lob

1010 5029 1089 5104 pellis
1103 5047 1203 5088 nomeu
1216 5032 1334 5088 ostendit
1341 5033 1405 5089 dnm
1414 5034 1523 5102 dicitnr,
1535 5056 1547 5087 c
1559 5034 1664 5107 pellem
1678 5053 1731 5110 pro
1741 5035 1809 5110 pelle

1011 5117 1070 5191 (lob
1083 5119 1125 5191 n),
1144 5140 1155 5169 r
1172 5128 1223 5177 etc.
1236 5123 1317 5177 drtns
1332 5121 1360 5178 in
1376 5122 1463 5179 frusta
1480 5122 1669 5195 conciduntur,
1681 5126 1747 5183 dnm
1758 5126 1809 5183 sin·
1841 5166 1845 5175 -

1009 5207 1066 5281 guli
1081 5224 1179 5264 sensus
1193 5209 1349 5283 incorpore
1371 5211 1407 5268 ad
1428 5212 1587 5270 servitutem
1606 5214 1719 5273 Domini
1738 5231 1802 5289 pre

1012 5303 1155 5371 parantur.

1048 5388 1144 5443 Strues
1164 5386 1302 5461 lignorum
1325 5388 1506 5461 componitur,
1530 5389 1595 5446 dum
1626 5390 1703 5449 Petri
1720 5400 1747 5451 et
1767 5394 1813 5450 Pa·

1013 5482 1084 5531 trum
1106 5476 1231 5548 exempla
1250 5477 1284 5532 ad
1313 5477 1491 5537 imitationem
1517 5488 1705 5538 assumuntur.
1738 5481 1811 5557 lgnis

1014 5563 1161 5634 subjicitur,
1187 5564 1250 5621 dum
1261 5566 1375 5637 Spiritus
1399 5568 1484 5626 sancti
1508 5568 1597 5644 gratia
1620 5570 1726 5628 bonum
1748 5586 1815 5644 opus

1015 5661 1200 5712 consecratur.
1211 5654 1299 5728 Caput
1311 5664 1353 5713 est
1366 5657 1552 5732 principalitas
1567 5659 1680 5730 manus,
1688 5658 1814 5734 injecere
