3772 6112
148 233 200 287 619

413 230 616 290 wattrrttor
633 230 756 288 statar
769 230 873 289 FULD.
896 229 1076 288 dortour.
1097 231 1184 289 etus
1197 230 1218 288 l.
1238 261 1273 273 —
1285 230 1522 291 rflaotourctt.

1745 237 1795 293 610

151 353 313 422 manifesta,
330 355 373 411 vel
397 357 476 429 quasi
498 356 533 411 ad
556 355 675 425 bellum,
701 372 762 428 quae
785 354 836 411 erit
858 354 908 411 Dei
922 363 950 411 et
959 360 987 420 A
1037 355 1122 412 Vens.
1140 360 1183 413 ts.
1199 387 1235 398 -
1248 358 1353 415 lictum
1366 372 1417 431 pro
1430 359 1516 414 molo.
1539 357 1617 414 Tunc
1629 357 1734 413 malunt
1751 373 1797 431 pro

151 441 268 513 Christi,
284 443 328 500 cui
344 444 418 500 Deus
433 444 509 500 dabit
523 442 682 500 efficaciam.

192 533 278 589 Vnus.
296 533 560 590 ti.-lc.nubib1ts.
574 531 645 600 Quia
654 532 741 590 nubes
751 530 880 604 suscipiet
890 547 948 600 eos,

151 634 182 684 ut
195 624 332 683 Christum
350 622 379 678 in
395 621 557 679 ascensione
579 620 719 693 suscepit,
735 620 808 679 unde
823 620 892 677 alins
905 620 950 677 in-

150 724 259 789 terpres
273 712 339 771 dicit
355 728 363 768 z
379 711 489 783 Dajulir
503 711 634 768 ηοῠὶοω.

466 878 579 935 CAPUT
599 878 633 935 V.

184 1016 269 1075 Vnae.
287 1020 313 1072 t.
329 1018 417 1073 -De
433 1015 614 1089 temporibus.
630 1014 662 1072 ld
677 1022 719 1073 est
733 1029 768 1072 an
783 1021 897 1081 aestate,
913 1028 950 1070 an

148 1106 248 1175 hieme,
265 1122 301 1162 an
315 1105 359 1163 die
373 1104 418 1163 vel
432 1113 526 1162 nocte.
546 1106 582 1162 nt
591 1106 753 1162 momentis.
771 1101 882 1161 Scilicet
896 1118 951 1176 qua

149 1195 218 1252 hora
232 1195 288 1250 diei
304 1194 348 1252 vel
362 1194 450 1251 noetis
464 1201 596 1250 venturus
611 1193 646 1248 sit
660 1193 793 1250 Christus.

1000 443 1071 500 malo
1087 445 1217 512 redditur,
1243 446 1266 501 si
1289 445 1478 519 corripiendus
1499 461 1554 502 non
1577 445 1737 518 corripitur,
1752 445 1799 504 sed

999 549 1083 606 prava
1096 534 1313 591 dissimulatione
1323 534 1480 609 negligitur.
1501 537 1535 591 ln
1551 550 1660 603 omnes,
1673 542 1727 592 eta.
1747 532 1799 592 Ge·

999 621 1798 697 neraliteradomnesSineintaminatam.ldest‚semper

996 711 1069 781 iuste
1088 710 1170 769 vivite
1189 718 1216 768 et
1234 720 1338 769 aeterna
1365 711 1527 770 desidemte.
1546 714 1641 769 iustus
1661 728 1798 786 nunquam

1000 799 1099 856 desinit
1109 815 1205 868 orare,
1216 800 1269 856 nisi
1285 800 1391 857 desinat
1406 800 1497 873 justus
1515 817 1588 860 esse.
1610 802 1728 874 Semper
1744 809 1799 858 orat

1000 888 1049 961 qui
1064 905 1173 961 semper
1188 889 1259 946 bene
1275 888 1342 964 agit.
1362 889 1454 962 lpsum
1473 889 1546 947 enim
1564 889 1733 948 desiderium
1751 890 1799 947 bo·

1000 992 1084 1046 num,
1103 977 1187 1035 oratio
1206 986 1262 1047 est3
1287 987 1315 1035 et
1342 977 1367 1035 si
1384 979 1542 1037 continuum
1560 985 1603 1037 est
1621 977 1798 1050 desiderium,

999 1065 1126 1122 continua
1142 1074 1183 1123 est
1201 1066 1296 1124 oratio.

1036 1182 1122 1240 Vnus.
1135 1186 1179 1239 tu.
1190 1184 1268 1241 —lc
1285 1184 1403 1243 Christo.
1422 1185 1471 1240 Est
1485 1183 1798 1251 ostensavoluntaaDei,

184 1283 272 1340 Vana.
288 1288 316 1342 2.
333 1313 368 1325 -
382 1284 447 1339 Dies
461 1283 584 1341 Domini.
603 1281 653 1338 llic
678 1281 737 1337 dies
753 1288 795 1338 est
809 1279 950 1336 hominurn
1001 1270 1064 1343 111111
1072 1272 1131 1329 1100
1140 1270 1250 1328 suerunt
1268 1271 1297 1328 in
1316 1272 1432 1342 Christo,
1443 1273 1472 1328 in
1489 1288 1544 1347 quo
1554 1272 1624 1329 nihil
1639 1271 1800 1343 Deodispli-

148 1386 200 1444 pro
213 1372 291 1427 libitu
306 1387 365 1442 suo,
382 1371 431 1426 sed
446 1379 511 1427 ωηο
525 1371 576 1427 erit
591 1370 650 1426 dies
664 1369 783 1426 Domini.
797 1370 876 1427 Sicut
889 1372 949 1442 sur.
1000 1358 1064 1415 cuit.
1077 1360 1801 1433 3111110111ποὶ111.Ωοί11νοῑωωοῦοἰοοῑῐοοοοοοίοο

148 1462 189 1517 lta
204 1460 369 1532 improvisus
384 1460 475 1517 veniet
488 1459 568 1515 maha
583 1468 666 1530 tunc,
682 1459 755 1531 quod
779 1466 805 1515 et
823 1458 852 1513 in
875 1458 950 1514 ohitu
1000 1448 1102 1517 01111110,
1123 1464 1171 1506 VOS
1191 1449 1309 1520 10010100
1328 1449 1375 1522 (1111
1393 1450 1502 1507 11000111
1520 1467 1571 1522 1101
1590 1450 1725 1524 8111111010
1743 1465 1802 1505 1011·

149 1551 282 1622 cuiusque
296 1548 335 1605 stt.
351 1548 426 1606 Sicut
440 1547 493 1614 tur,
509 1564 564 1604 non
578 1548 641 1604 dico
656 1547 700 1602 die
715 1547 764 1603 sed
779 1556 870 1613 nocte,
887 1562 950 1603 eum
1000 1544 1083 1605 ctum,
1095 1537 1197 1593 donum
1215 1537 1412 1612 intelligentia,
1432 1539 1516 1596 1101110
1532 1539 1601 1595 illud
1620 1539 1800 1605 0000001010,

147 1638 274 1694 latentius
288 1637 379 1704 venit,
395 1644 423 1693 et
437 1635 562 1692 homines
582 1633 735 1701 donniunt,
766 1642 829 1692 tune
857 1635 949 1690 omnia
1000 1642 1055 1697 11110
1064 1625 1161 1682 merito
1171 1634 1199 1682 et
1208 1643 1257 1684 vos
1272 1627 1433 1698 perderetis.
1453 1628 1507 1683 Vos
1526 1627 1628 1684 subditi
1647 1628 1801 1699 prophetias

149 1726 265 1797 auunptt
280 1742 288 1781 ι
302 1732 333 1781 ut
347 1725 394 1799 qui
407 1724 519 1781 niciam
533 1741 563 1781 se
577 1724 709 1797 piabat,
725 1722 858 1797 evigilans
882 1717 985 1778 ninitss
999 1714 1350 1787 illorumnolitespemera.
1363 1722 1454 1772 tamen
1473 1731 1528 1772 non
1545 1715 1637 1772 omnia
1656 1715 1808 1772 indiscrete

147 1815 276 1872 intentat.
303 1814 340 1870 tta
362 1814 440 1870 multi
461 1813 506 1869 trie
527 1813 597 1868 bene
621 1813 730 1889 securi,
752 1811 820 1867 nihii
838 1812 902 1869 boni
917 1828 947 1869 se
997 1803 1147 1874 accipiatis,
1168 1805 1217 1861 sed
1234 1806 1360 1878 probate,
1381 1804 1409 1861 id
1429 1812 1472 1861 est
1489 1805 1595 1862 radone
1613 1804 1758 1871 οἰοοηωο,
1775 1812 1809 1861 et

148 1903 328 1959 haberetunc
341 1901 490 1959 invenient.
507 1902 621 1971 Propter
634 1902 687 1958 hoo
701 1899 812 1971 inooepit
826 1900 861 1957 de
876 1908 947 1956 tem·
999 1892 1072 1965 q¹10d
1081 1892 1184 1950 bonum
1193 1893 1331 1950 invenitur
1337 1902 1437 1950 tenete.
1445 1895 1585 1968 Spiritum
1593 1895 1685 1952 nolite
1694 1894 1807 1951 saadu-

125 2014 128 2019 ·
148 1991 260 2064 poribus
275 1999 304 2047 ut
317 1998 442 2049 moneret
457 2005 505 2047 eos
515 2003 614 2047 cavera
624 1989 685 2057 sibi,
698 2005 733 2047 na
747 1989 785 2044 ita
798 1987 948 2062 deprehen·
997 1997 1092 2054 90010,
1103 1981 1131 2036 id
1142 1990 1183 2038 011
1196 2000 1202 2037 2
1216 1983 1244 2040 Si
1254 1982 1298 2039 001
1307 1982 1425 2054 Spiritus
1436 1989 1546 2040 1111101111
1564 1983 1600 2039 ad
1620 1997 1719 2039 aurem
1738 1982 1807 2054 quid

147 2076 257 2136 dantur.

183 2168 270 2225 Vaas.
287 2171 313 2225 3.
330 2197 365 2209 -
380 2168 450 2225 Cum
476 2168 554 2225 enim
582 2166 721 2224 dicerint.
746 2166 818 2223 Nam
837 2164 906 2224 sieut
919 2165 948 2222 in

148 2257 240 2315 verbis
258 2256 378 2314 Danielis
394 2256 530 2313 invenitur
546 2274 554 2312 :
569 2256 707 2330 llegnabit
724 2255 907 2313 Antichristus
921 2262 948 2311 et

145 2346 265 2402 ministri
278 2347 336 2416 ejus
352 2345 440 2402 tribus
449 2345 527 2401 annis
536 2353 563 2401 et
571 2343 694 2413 dimidio,
710 2354 737 2402 et
751 2344 948 2403 interficientur

148 2435 183 2491 ab
197 2434 244 2490 lllo
257 2433 331 2490 Elias
345 2441 373 2489 et
386 2433 491 2503 Enoch,
515 2433 585 2489 sicut
600 2441 627 2489 et
641 2433 669 2488 in
681 2432 846 2506 Apocalypsi
860 2433 947 2490 habe-

146 2531 193 2579 tur
208 2541 215 2579 :
231 2522 266 2578 Et
279 2530 344 2579 tunc
359 2521 410 2578 erit
425 2521 485 2577 talis
507 2522 663 2588 tribulatio,
688 2522 777 2594 qualis
802 2531 864 2578 ante
892 2537 947 2580 non

147 2610 208 2679 tuit,
224 2626 276 2670 nec
289 2619 351 2684 post
365 2610 426 2667 erit.
451 2611 548 2667 Postea
577 2609 755 2668 interficietur
777 2625 793 2666 a
816 2611 947 2668 Michaele

146 2714 208 2758 eam
222 2701 340 2756 maxima
356 2707 431 2771 parte
446 2714 569 2755 suorum.

182 2789 267 2846 Vens.
283 2793 309 2845 t.
326 2818 361 2833 —
374 2790 442 2846 Filii
457 2790 538 2846 laets.
564 2788 645 2844 Fides
669 2796 710 2845 est
733 2787 780 2843 lux
802 2803 863 2859 qum
883 2786 948 2843 iacit

146 2877 238 2944 Eam,
255 2877 283 2934 id
301 2868 344 2934 est
359 2877 478 2934 habitum
500 2877 647 2945 virtutum
681 2883 794 2934 econtm
825 2875 947 2932 tenebrat

145 2975 209 3024 aunt
222 2965 386 3036 infidelitas,
402 2982 456 3022 nox
470 2965 578 3022 habitus
601 2966 738 3022 vitiorum.
764 2966 825 3022 Note
848 2980 946 3021 suctus

147 3058 238 3112 noctis
248 3072 337 3128 neque
348 3055 538 3120 tenebrarum,
552 3062 604 3109 etc.
621 3054 651 3108 ld
661 3061 711 3122 est,
723 3054 751 3108 in
765 3052 984 3139 praesentibuac

146 3158 202 3200 non
217 3151 385 3214 torpeamus,
402 3141 451 3199 sed
466 3141 560 3214 vigilet
574 3157 652 3196 mens
667 3142 810 3198 attendens
829 3142 948 3240 haecca-
1000 3184 1090 3232 ,amen
1107 3193 1215 3249 corpus.
1232 3179 1351 3251 Ideoque
1372 3179 1495 3250 spiritum
1510 3179 1648 3251 integrum
1665 3178 1694 3234 in
1715 3179 1805 3236 homi·

149 3230 238 3302 duca,
255 3239 281 3288 et
295 3230 387 3286 sobrie
401 3231 443 3284 his
458 3238 575 3298 utamur,
591 3246 647 3286 ηοη
662 3230 742 3302 quasi
755 3229 833 3286 honis
848 3238 950 3286 nostris

147 3318 196 3376 sed
211 3319 247 3376 ad
261 3319 486 3376 sustentationem
509 3319 590 3375 datis.
616 3318 685 3375 Vere
705 3335 755 3374 nos
770 3319 816 3391 qui
830 3335 886 3375 non
901 3335 949 3374 su-

148 3424 210 3464 mus
224 3409 312 3465 noctis
327 3424 382 3464 non
396 3408 528 3465 debemus
542 3407 671 3464 dormire.
693 3408 764 3463 Nam
779 3406 826 3480 qui
840 3407 947 3475 dormit,

147 3504 261 3570 propter
276 3505 385 3554 noctem
399 3497 515 3563 dormit,
532 3496 560 3552 id
576 3504 616 3552 est
636 3495 702 3552 vitia
726 3504 751 3552 et
774 3503 886 3568 peccata
901 3513 950 3551 sna

147 3593 285 3643 traxerunt
300 3600 347 3642 eos
361 3584 395 3640 ad
410 3587 471 3653 hoc,
483 3593 512 3640 ut
526 3585 601 3642 obliti
612 3586 673 3643 vite
684 3585 828 3642 aternaein
840 3585 899 3641 istis
909 3601 951 3642 re-

45 3700 50 3709 ·
147 3674 299 3748 quiescant,
311 3682 337 3730 et
346 3674 394 3747 qui
404 3675 473 3731 ebrii
483 3682 561 3742 sunt,
573 3674 616 3730 his
635 3674 812 3732 immoderate
827 3674 927 3731 utendo
941 3693 948 3744 ;

149 3779 182 3819 ex
197 3770 276 3821 nocte
290 3763 418 3820 vitiorum
433 3763 485 3820 hoc
500 3764 610 3820 habent.

182 3853 281 3909 induti
296 3852 422 3919 ioricam,
439 3860 492 3909 eto.
510 3852 584 3909 Sicut
596 3851 681 3909 lorica
696 3851 782 3908 munit
797 3851 897 3918 vitalia,
915 3850 951 3905 ita

148 3938 217 3997 tides
245 3949 272 3996 et
292 3941 411 3997 charitas
444 3956 495 3998 nos
528 3947 624 3998 contra
656 3941 805 4012 appetitum
824 3948 950 3998 terreno-

151 4044 224 4085 rum.

102 4132 105 4137 ·
184 4117 271 4173 Vens.
288 4119 332 4172 13.
348 4146 382 4159 -
399 4118 433 4176 tit
447 4117 574 4174 habeatis
584 4118 659 4173 ilios.
672 4115 832 4173 Necessaria
846 4116 886 4171 eis
896 4115 950 4170 mi-

148 4205 307 4276 nistrando,
325 4214 352 4262 et
366 4205 545 4263 reverentiam
560 4205 685 4278 dignitati
700 4205 863 4261 exhibendo.
879 4203 951 4273 Quid

149 4296 223 4355 enirn
237 4295 349 4368 prodest
363 4296 495 4351 honorem
510 4295 569 4350 sine
584 4293 674 4351 fructu
690 4294 815 4350 habere?
831 4292 951 4350 Sicutdr·

149 4383 221 4442 vitiae
236 4383 431 4458 negligentiam
453 4382 564 4455 pariunt
582 4382 696 4450 salutis,
712 4383 749 4438 ita
761 4388 870 4454 egestas
884 4380 950 4436 dum

149 4473 265 4530 saturari
279 4473 392 4547 quierit,
409 4471 539 4544 ajustitia
554 4470 683 4529 declinat.
699 4471 763 4527 ldeo
777 4471 805 4527 in
820 4469 875 4526 alia
888 4469 950 4542 epi-

151 4561 220 4619 stola
234 4562 359 4634 praecipit
372 4562 548 4643 presbyteros
559 4560 661 4634 duplici
669 4561 775 4618 honore
790 4575 852 4617 esse
866 4560 952 4617 hono·

153 4650 264 4709 randos.

998 2069 1118 2140 revelat,
1135 2070 1191 2127 noli
1210 2071 1359 2142 prohibere
1375 2071 1450 2144 loqui
1467 2071 1542 2144 quod
1559 2072 1655 2128 sentit.
1676 2071 1809 2144 Spiritum

998 2167 1121 2215 sanctum
1142 2157 1190 2231 qui
1208 2158 1289 2216 datus
1308 2168 1348 2215 est
1367 2160 1465 2228 nobis,
1485 2175 1541 2218 non
1559 2168 1693 2233 φιηοωιη
1712 2159 1743 2217 in
1762 2176 1803 2229 se,

997 2246 1048 2303 sed
1066 2247 1206 2317 innubis,
1227 2248 1445 2322 exstinguimus,
1473 2248 1538 2304 dum
1557 2248 1701 2321 peccando
1721 2247 1803 2322 luga·

998 2351 1069 2391 mus.

1033 2467 1118 2524 Vens.
1129 2471 1174 2526 23.
1184 2469 1287 2543 -lpse
1297 2474 1394 2527 comm
1402 2471 1475 2535 Deus
1487 2470 1568 2544 pacis
1585 2470 1748 2542 sanctificet
1758 2487 1804 2528 vos

995 2573 1047 2631 per
1066 2559 1172 2627 omnia,
1191 2566 1244 2615 etc.
1263 2558 1293 2614 ld
1310 2566 1361 2626 est,
1374 2575 1427 2633 ego
1444 2559 1481 2615 ita
1499 2559 1631 2631 praelatos
1642 2567 1669 2615 et
1678 2559 1805 2616 subditos

996 2662 1104 2714 moneo,
1116 2647 1175 2720 ipse
1185 2655 1276 2703 autem
1293 2648 1367 2704 Deus
1376 2655 1418 2704 est
1432 2648 1478 2720 qui
1487 2655 1587 2720 potest.
1604 2649 1733 2722 Spiritus
1746 2665 1806 2706 ves·

928 2787 934 2798 ,
998 2734 1407 2810 temitatiosarveturiutegra,
1428 2752 1483 2793 non
1502 2735 1701 2793 consentiendo
1716 2737 1802 2793 carni.

998 2823 1033 2879 rt
1041 2823 1153 2880 Animo.
1165 2822 1195 2879 ld
1213 2832 1254 2880 est
1267 2868 1274 2892 ,
1286 2823 1448 2881 sensualitas
1467 2832 1595 2881 servetur
1607 2823 1729 2899 integra,
1741 2841 1804 2881 ser·

997 2910 1097 2971 viendo
1115 2911 1224 2968 rationi.
1236 2915 1390 2986 Etccrpus.
1410 2913 1446 2970 Ut
1459 2911 1624 2987 nihilagatia
1644 2913 1705 2984 ejus
1725 2913 1808 2969 mini·

999 3000 1090 3056 sterio.
1102 3001 1179 3059 Unde
1189 3001 1286 3074 aliquis
1302 3010 1493 3075 conqueratur.
1509 3001 1666 3074 Aliquando
1680 3001 1804 3075 inquina-

1000 3095 1044 3143 tur
1060 3089 1148 3144 anima
1163 3106 1214 3162 per
1232 3090 1423 3164 cogitationem
1442 3088 1541 3146 malam
1561 3099 1589 3146 et
1607 3098 1652 3146 est
1671 3090 1807 3146 mundum

999 3282 1034 3322 ne
1045 3266 1109 3323 dicit
1117 3283 1178 3323 esse
1188 3267 1298 3323 debere.
1312 3268 1340 3324 Si
1350 3275 1441 3323 autem
1456 3266 1526 3322 mala
1536 3267 1590 3323 vita
1600 3309 1607 3338 ,
1617 3266 1664 3324 vel
1673 3266 1805 3341 cogitatio

999 3354 1159 3420 intercedat,
1171 3356 1286 3412 nouerit
1300 3356 1422 3427 spiritus.
1439 3356 1555 3429 Spiritus
1570 3364 1597 3412 et
1606 3356 1699 3411 anima
1709 3364 1804 3414 etcor-

999 3443 1800 3518 pasquibustomoconstat,scilicettttudqucintettigbnus,

1000 3540 1027 3588 et
1036 3531 1103 3588 illud
1123 3533 1301 3604 quesivimus
1311 3541 1337 3590 et
1356 3533 1491 3606 illudque
1510 3531 1633 3590 visibiles
1650 3540 1678 3589 et
1696 3530 1801 3591 conue-

1000 3620 1112 3677 ctabiles
1127 3637 1231 3689 sumus,
1249 3638 1310 3693 quae
1321 3638 1416 3678 rursus
1433 3622 1487 3679 duo
1499 3621 1640 3691 dicuntur,
1656 3622 1799 3695 qariasaepe

1000 3709 1091 3765 anima
1110 3725 1172 3767 eum
1195 3709 1293 3783 spiritu
1317 3712 1481 3768 nominatur.
1498 3711 1566 3768 Sine
1584 3709 1799 3784 coarctamini

1001 3806 1042 3854 est
1057 3814 1118 3855 esse
1133 3799 1192 3855 sine
1205 3807 1330 3870 peccato,
1347 3799 1420 3871 quod
1434 3799 1469 3856 da
1484 3798 1587 3855 soloin
1602 3800 1656 3856 baa
1671 3799 1730 3856 vita
1739 3799 1798 3856 ttni·

1000 3885 1094 3960 genito
1104 3888 1205 3944 dictum
1220 3897 1271 3945 est.
1287 3888 1368 3945 Aliud
1383 3896 1496 3945 estesse
1510 3888 1571 3944 sine
1587 3887 1716 3959 querela,
1732 3887 1799 3961 qnod

1000 3975 1035 4031 de
1049 3976 1142 4031 multis
1159 3977 1242 4047 justis
1260 3977 1339 4033 etiam
1359 3977 1387 4032 in
1410 3978 1460 4033 hac
1477 3975 1534 4033 vita
1551 3976 1607 4033 diei
1621 3977 1722 4048 potuit.
1738 3976 1800 4047 Quia

1001 4064 1162 4134 estquidam
1180 4066 1279 4122 modus
1297 4065 1377 4123 bonta
1395 4066 1476 4137 vita,
1495 4065 1531 4122 de
1550 4081 1606 4138 quo
1624 4065 1800 4122 etiaminista

1001 4153 1216 4222 conversatione,
1233 4155 1306 4225 justa
1324 4154 1507 4226 querelaesse
1526 4169 1582 4211 non
1598 4155 1698 4228 possit.
1710 4154 1800 4213 laad·

933 4293 939 4305 ,
1001 4244 1098 4297 uentu.
1111 4241 1169 4299 Ηοο
1184 4251 1226 4299 est
1235 4259 1323 4316 usque
1333 4243 1367 4300 ad
1377 4242 1460 4299 finem
1473 4241 1547 4301 vitae.

1045 4376 1130 4432 Vnus.
1146 4378 1191 4436 at.
1202 4407 1237 4419 -
1247 4376 1359 4434 Fidelis.
1381 4377 1464 4446 Quasi
1475 4375 1547 4433 dicat
1559 4393 1566 4432 :
1579 4374 1638 4434 Oro
1656 4382 1686 4433 ut
1706 4376 1802 4435 sancti·

964 4438 1083 4542 Dticet,
1100 4475 1129 4524 ut
1152 4464 1333 4524 sanctificatos
1352 4473 1461 4536 servet,
1481 4479 1534 4523 nec
1547 4464 1614 4522 inde
1628 4464 1801 4524 dubitandum

1001 4566 1052 4626 est,
1070 4557 1132 4630 quia
1148 4572 1229 4612 verus
1248 4562 1291 4612 est
1307 4554 1336 4610 in
1353 4553 1505 4627 promissis,
1521 4553 1570 4627 qui
1585 4546 1757 4613 monvitvos
1770 4553 1801 4610 ad

1001 4647 1055 4705 hoc
1065 4655 1095 4703 ut
1109 4645 1195 4702 sancti
1210 4644 1317 4701 essetis.

518 4939 743 5013 EPISTOLA
772 4938 806 5011 Il
839 4937 906 5010 AD
936 4932 1421 5010 THESSALONICENSES.

426 5165 682 5227 Aauuunrtruu.

186 5284 229 5341 Ad
243 5282 501 5341 Thessalonicenses
516 5283 664 5340 secundam
684 5281 778 5339 scribit
799 5281 951 5359 Epistulam

153 5373 319 5447 Apostolus,
336 5381 362 5428 et
377 5380 469 5429 notum
483 5372 548 5429 lacit
560 5372 601 5429 eis
615 5372 649 5428 de
664 5370 832 5442 temporibus
855 5372 951 5429 novis-

153 5462 240 5531 simis,
259 5470 284 5519 et
299 5462 333 5518 de
344 5459 491 5517 adversarii
508 5460 667 5531 deJectione.
685 5460 785 5517 Scribit
800 5461 870 5517 hanc
883 5459 952 5533 Epi-

154 5552 252 5611 stolam
266 5552 301 5609 ab
315 5550 428 5610 Athenis
436 5565 486 5624 per
496 5550 584 5607 Titum
593 5549 737 5607 baconem
752 5558 780 5607 et
793 5549 953 5609 Onesimum

152 5639 318 5714 acolythum.

1262 5159 1375 5221 CAPUT
1392 5155 1538 5219 emund.

1035 5282 1121 5338 Vnus.
1137 5285 1164 5337 3.
1182 5308 1217 5322 -
1237 5279 1350 5337 Gratias
1368 5295 1460 5352 opere,
1480 5286 1535 5336 eto.
1556 5276 1608 5336 liic
1624 5275 1733 5352 gratias
1749 5273 1805 5351 agit

999 5368 1059 5428 Deo
1077 5371 1112 5426 de
1131 5369 1210 5426 bonis
1227 5384 1340 5441 eorum,
1355 5384 1390 5424 ne
1403 5366 1474 5424 forte
1487 5367 1523 5423 da
1545 5373 1622 5424 muto
1641 5366 1716 5423 hono
1734 5363 1805 5440 quod

1002 5475 1036 5516 ex
1054 5459 1113 5516 Deo
1135 5458 1290 5525 habebant,
1310 5456 1483 5524 extollantur,
1514 5464 1681 5528 tanquama
1710 5453 1805 5526 seipsis

1002 5549 1144 5606 habentes.
1164 5549 1198 5606 lc
1217 5548 1349 5605 invicem.
1360 5547 1395 5604 Ut
1405 5545 1528 5615 scilieet,
1549 5544 1598 5619 qui
1615 5543 1740 5618 diligitur
1748 5541 1805 5600 dili·

1003 5646 1050 5712 gat
1071 5636 1159 5710 alios,
1178 5643 1206 5696 et
1219 5634 1322 5695 mutuis
1339 5633 1481 5709 obsequiis
1498 5633 1663 5693 charitatem
1684 5630 1808 5693 osmndu
