3772 6112
64 181 119 237 937

622 175 670 232 DE
696 171 807 232 REDUS
826 167 1110 229 *scctcsttsrlms

1670 173 1723 228 938

66 320 261 395 pronuntiasse
276 318 471 394 cognoscitur:
498 334 649 392 congruum
669 334 757 392 genus
773 313 879 374 sacrifi·
893 300 975 386 Aqui
990 327 1056 370 vero
1070 309 1235 369 medicinam
1248 309 1292 368 vd
1315 324 1370 368 non
1390 309 1472 367 habet
1494 312 1538 369 vel
1562 329 1594 370 ea
1612 315 1724 390 indigne

66 410 102 468 cii
118 410 252 467 Dominus
265 418 369 479 noster,
386 408 515 466 sacerdos
531 425 621 474 verus,
648 408 677 463 in
701 405 824 479 corporis
844 412 871 461 et

67 500 210 572 sanguinis
225 499 266 555 sui
281 498 442 572 mysterium
457 497 603 569 providere
618 497 745 569 dignatus
763 503 814 564 est,
842 501 872 550 ut

66 589 198 646 videlicet
212 587 282 643 sicut
295 587 495 643 Melchisedech
510 595 571 641 ante
586 585 821 642 circumcisionem
845 590 872 639 et

68 677 140 751 legis
156 676 343 745 caeremonias,
358 675 454 732 vivens
468 692 501 730 ex
516 674 578 744 tide,
608 690 707 746 panem
730 681 756 730 et
780 673 872 729 vinum

69 766 173 840 legitur
186 765 336 821 obtulisse:
352 765 389 820 ita
402 765 461 835 ipse
474 765 617 833 Dominus,
640 762 760 835 pontifex
784 761 872 817 factus

69 854 223 912 secundum
238 854 363 910 ordinem
378 869 433 908 non
462 856 562 922 Aaron,
589 853 639 909 sed
660 850 870 917 Melchisedech,

65 944 167 1014 justus,
182 951 209 998 et
220 941 373 1012 justificans
388 958 451 997 eum
468 942 514 1014 qui
530 958 562 998 ex
573 941 625 997 frde
636 950 687 1007 est,
698 948 760 1012 post
780 939 873 1011 exple·

69 1032 173 1089 donem
187 1032 258 1104 legis
273 1032 384 1088 easdem
399 1031 505 1104 species
520 1030 646 1087 sacrificii
660 1029 785 1086 fidelibus
816 1028 872 1084 suis

69 1121 190 1177 tradidit.
207 1121 264 1176 Nec
279 1121 433 1176 dubitemus
448 1136 503 1175 non
514 1120 572 1175 sine
582 1120 711 1190 operibus
720 1118 788 1190 legis
795 1117 872 1187 justi·

68 1209 144 1268 ficari
158 1226 207 1282 per
221 1209 313 1280 fidem,
330 1210 396 1265 dum
410 1210 472 1264 illos
488 1209 625 1264 imitamur
636 1209 761 1263 libertate
772 1205 835 1262 fidei
846 1213 873 1262 et

69 1299 233 1365 devotionis,
248 1315 317 1371 quos
341 1299 400 1353 sine
426 1297 556 1353 servitute
582 1296 651 1370 legis
677 1295 797 1353 coactiva
814 1296 873 1350 Deo

69 1388 263 1460 cognoscimus
278 1387 415 1459 placuisse
431 1403 481 1458 per
495 1386 588 1441 fidem.
604 1387 679 1458 Ergo
704 1385 770 1439 dum
794 1391 873 1439 notus

69 1485 145 1535 esset
159 1478 187 1533 in
201 1477 296 1532 tudes
310 1478 394 1542 Deus,
411 1477 531 1546 dumque
545 1476 573 1530 in
589 1490 643 1530 uno
654 1472 822 1529 tabernaculi
831 1473 874 1528 vel

52 1566 166 1638 .templi
181 1565 240 1622 loco
264 1564 401 1630 sacrificia
423 1564 556 1620 deberent
580 1562 682 1628 offerri,
705 1571 871 1634 praeceptum

920 403 1012 472 utitur,
1028 401 1110 476 longe
1130 417 1190 458 sea
1212 400 1320 457 medico
1342 416 1404 457 esse
1418 400 1575 474 languendo
1600 412 1722 464 testatur.

920 493 982 548 Non
997 492 1069 547 enim
1084 491 1214 547 mentitur
1228 489 1275 562 qui
1289 489 1355 546 dicit
1372 506 1378 545 :
1394 491 1455 546 Nisi
1482 492 1724 555 mandacaveritis

920 579 1726 654 carnemfitittomtnts,ctttterttisejcssanpatnemnon

923 669 1058 725 habebitis
1073 671 1162 726 vitam
1177 670 1208 724 in
1220 669 1303 736 vobis,
1321 676 1347 724 et
1363 668 1478 739 reliqua.
1495 670 1641 729 Sciendum
1651 676 1725 732 enim

923 758 1054 813 osanctis
1068 758 1192 813 Patribus
1209 757 1245 812 ob
1260 758 1313 813 hoc
1340 756 1384 813 vel
1411 758 1529 815 maxime
1551 763 1726 820 constitutum

922 855 951 900 ut
976 846 1127 902 mortaliter
1161 854 1307 917 peccantes
1331 862 1346 901 a
1378 849 1554 905 sacramentis
1577 851 1727 910 Dominicis

923 945 1076 1004 arceantur,
1100 951 1134 991 ne
1157 935 1269 1007 indigne
1294 950 1326 990 ea
1348 935 1531 1007 percipientes
1560 939 1605 995 vel
1628 943 1726 1013 majori

923 1032 999 1080 reatu
1014 1024 1196 1091 involvantur,
1212 1032 1241 1079 ut
1262 1023 1357 1092 ludas,
1385 1042 1468 1096 quem
1490 1036 1552 1098 post
1575 1039 1726 1099 panemte·

922 1128 999 1168 mere
1015 1129 1032 1167 a
1046 1113 1178 1186 magistro
1193 1120 1360 1184 susceptum,
1374 1114 1500 1170 diabolus
1511 1115 1610 1172 dicitur
1619 1118 1727 1190 plenius

923 1201 1067 1272 invasisse,
1078 1210 1106 1256 ut
1114 1202 1218 1258 crimen
1240 1202 1394 1272 quodprius
1413 1203 1548 1260 scelerata
1584 1209 1729 1277 praemedi.

924 1289 1026 1346 tatione
1047 1298 1217 1361 conceperat,
1238 1290 1293 1359 jam
1319 1290 1540 1349 sceleratissimo·
1555 1309 1729 1354 consumma·

924 1387 966 1436 ret
981 1378 1078 1436 effectu
1095 1397 1101 1434 :
1119 1379 1163 1434 vel
1177 1395 1212 1435 ne
1237 1379 1322 1451 (quod
1346 1380 1493 1452 Apostolus
1522 1383 1557 1440 de
1582 1387 1728 1455 Corinthiis

924 1467 1001 1545 dicit)
1018 1467 1202 1523 infirmitatem
1213 1468 1338 1538 corporis
1349 1477 1376 1524 et
1387 1469 1611 1542 imbecillitatem,
1623 1475 1729 1547 ipsam·

925 1573 978 1628 que
994 1565 1111 1612 mortem
1127 1565 1340 1628 praesumptores
1354 1557 1500 1616 incurrant.
1523 1563 1558 1617 lit
1581 1573 1638 1620 uta
1654 1581 1730 1623 com·

71 1665 122 1723 est,
139 1655 184 1712 vel
196 1655 286 1726 potins
302 1653 465 1726 permissum
483 1653 650 1720 carnalibus,
668 1652 755 1709 varias
766 1660 792 1707 et
801 1668 874 1707 sum·
889 1645 1055 1724 ssmunione
1071 1646 1207 1717 suspensi,
1224 1655 1328 1703 terrore
1343 1648 1401 1717 ejus
1416 1649 1581 1707 exclusionis
1602 1661 1629 1709 et
1655 1671 1727 1727 quo·

70 1752 185 1817 ptuosas
199 1743 347 1799 ablationes
363 1744 502 1809 exhibere,
518 1750 547 1797 ut
563 1742 672 1798 servilis
697 1741 796 1814 religio
816 1757 881 1812 gra·
930 1735 992 1789 (lam
1007 1735 1241 1791 condemnationis
1261 1737 1432 1792 anathemate
1452 1740 1649 1811 compellantur
1672 1751 1726 1800 stu·

71 1833 151 1890 vibus
165 1833 330 1888 desuaderet
344 1831 496 1903 obsequiis.
517 1833 551 1886 ht
570 1837 787 1901 veropostquam
798 1846 882 1901 super
929 1823 1032 1878 dicsius
1059 1824 1225 1894 poenitentiae
1261 1824 1491 1882 medicamentum
1515 1838 1659 1900 appetere
1700 1840 1728 1888 et

70 1938 182 1979 omnem
206 1929 303 1978 terram
331 1920 467 1975 laudabile
496 1934 600 1975 nomen
639 1918 749 1975 Domini
781 1917 878 1985 illuxit,
929 1911 1036 1969 avidius
1050 1905 1247 1984 recuperandae
1262 1913 1356 1968 salutis
1371 1914 1515 1972 desideriis
1539 1917 1653 1976 inhiare.

72 2011 194 2084 dumque
206 2011 234 2066 in
249 2010 375 2066 omnibus
390 2008 458 2066 locis
473 2018 499 2064 et
514 2009 648 2080 gentibus
670 2024 726 2063 non
749 2007 877 2078 speciale,

71 2101 122 2157 sed
136 2100 264 2172 generale
280 2100 451 2155 sacerdotum
466 2098 580 2170 geritur,
597 2097 663 2153 itota
681 2096 802 2152 fidetium
818 2096 878 2152 uni·

72 2197 128 2246 tate
142 2205 197 2245 non
212 2189 337 2244 inunum
352 2189 534 2259 corporaliter
548 2187 647 2255 locum,
672 2186 721 2241 sed
745 2184 773 2240 in
797 2202 878 2240 unam

72 2278 232 2350 spiritaliter
243 2276 326 2333 tidem
341 2287 533 2345 concurrente,
551 2284 680 2331 statutum
694 2283 736 2331 est
750 2274 878 2330 fidelibus

72 2367 227 2424 oblationes
242 2366 379 2438 simplices
393 2366 509 2421 Domino
525 2381 698 2431 consecrare,
714 2380 773 2437 quae
782 2374 809 2419 et
826 2380 877 2420 ve·
961 2365 1091 2435 Quamvis
1113 2374 1204 2422 autem
1236 2368 1394 2424 eorumdem
1427 2381 1630 2431 sacramentum
1660 2393 1726 2436 usus

72 2457 181 2513 ritatem
204 2456 331 2528 mysterii
355 2456 535 2521 continerent,
562 2462 588 2510 et
622 2454 692 2509 lilios
723 2453 876 2526 adoptionis
926 2454 960 2511 ab
975 2455 1034 2526 ipso
1049 2455 1166 2512 Domino
1182 2457 1307 2526 traditus,
1334 2466 1361 2513 et
1384 2459 1417 2513 ab
1439 2462 1571 2531 apostolis
1594 2466 1727 2536 apostoli·

71 2544 149 2602 nulla
165 2553 321 2617 sumptuum
336 2544 494 2600 difficultate
510 2543 732 2614 comprimerent.
926 2544 1020 2616 cisque
1047 2544 1113 2599 viris
1128 2544 1155 2598 in
1170 2552 1251 2600 totam
1263 2545 1544 2606 Ecclesiaecatholicae
1554 2551 1726 2612 latitudinem

109 2635 171 2689 Non
187 2643 228 2690 est
252 2643 341 2689 autem
366 2632 569 2689 discutiendum
593 2633 697 2688 ratione
720 2630 876 2687 mortalium
926 2633 960 2688 sit
975 2633 1160 2703 transmissus,
1178 2642 1269 2690 tamen
1282 2634 1377 2706 primis
1402 2639 1568 2710 temporibus
1594 2644 1727 2715 quosdam

72 2740 123 2782 cur
139 2723 198 2779 haec
213 2723 256 2779 vel
270 2723 325 2791 illa,
341 2722 394 2777 isto
408 2721 451 2778 vel
465 2722 512 2776 illo
527 2730 660 2793 tempore,
678 2721 757 2793 quasi
768 2721 877 2776 diversa
926 2722 976 2777 alia
1001 2724 1126 2795 quaedam
1155 2739 1256 2796 genera
1285 2723 1451 2782 oblationem
1483 2729 1582 2787 offerre
1620 2733 1725 2806 solitos,

72 2820 101 2869 et
116 2812 309 2884 discrepantia,
325 2811 380 2878 ille,
398 2810 444 2882 qui
460 2827 570 2883 semper
585 2812 658 2866 idem
674 2818 714 2866 est
731 2819 757 2865 et
777 2808 877 2865 mutari
925 2810 1101 2885 intelligimus
1124 2827 1157 2868 ex
1179 2813 1337 2883 canonibus,
1363 2823 1389 2871 et
1402 2817 1520 2874 maxime
1531 2821 1725 2892 apostolorum,

72 2917 130 2958 non
154 2909 252 2973 potest,
280 2901 403 2956 statuerit
424 2900 468 2955 vel
489 2900 602 2969 jusserit
629 2918 635 2953 :
659 2916 721 2955 cum
754 2899 877 2970 ipsorum
925 2900 953 2955 in
969 2917 1085 2984 quorum
1100 2901 1180 2956 tertio
1196 2902 1313 2974 capitulo
1327 2903 1363 2958 ita
1378 2905 1589 2966 scribitur:rSi
1600 2911 1660 2983 quis
1671 2914 1725 2985 epi·

73 2991 200 3048 conditor
214 2997 239 3046 et
259 2990 398 3046 ordinator
422 2998 575 3059 temporum
598 2988 731 3061 quidquid
750 2989 778 3043 in
800 2997 911 3089 tem·C
929 3004 1028 3059 scopus
1042 2996 1088 3044 aut
1108 2990 1254 3061 presbyter
1277 3000 1375 3062 praeter
1396 2995 1594 3054 ordinationem
1616 3001 1727 3059 Domini

71 3095 142 3152 pore
156 3078 195 3146 fit,
211 3095 266 3135 non
281 3078 423 3151 temporali
443 3078 582 3149 sapientire
603 3094 658 3133 suae
685 3078 799 3144 ratione,
825 3077 874 3133 sed
927 3077 979 3132 alia
994 3078 1119 3149 quaedam
1133 3079 1160 3133 iu
1175 3078 1311 3136 sacrificio
1325 3080 1422 3137 offerat
1436 3086 1620 3157 superaltare,
1639 3090 1666 3145 id
1684 3099 1727 3148 est

71 3176 184 3235 veterna,
198 3169 281 3238 juste,
298 3168 492 3225 convenienter
507 3176 534 3222 et
549 3165 658 3235 utiliter,
675 3166 800 3238 quamvis
824 3183 876 3223 see·
925 3176 953 3221 ut
968 3167 1032 3235 mel,
1049 3175 1093 3223 aut
1106 3167 1158 3236 lac,
1175 3177 1222 3224 aut
1235 3186 1285 3240 pro
1300 3170 1363 3226 vino
1385 3173 1512 3244 siceram,
1546 3177 1726 3253 confectaque

71 3259 136 3330 pius
150 3259 266 3328 occulte,
282 3258 418 3329 disponat.
435 3256 591 3312 Notandum
606 3264 695 3312 tamen
722 3256 796 3326 quod
820 3271 876 3311 non
925 3255 1061 3327 quaedam,
1078 3266 1123 3312 aut
1138 3257 1268 3325 volatilia,
1285 3267 1329 3315 aut
1344 3260 1472 3318 animalia
1487 3264 1587 3336 aliqua,
1612 3276 1658 3324 aut
1682 3268 1724 3326 le.

71 3348 108 3404 de
123 3348 280 3417 maioribus,
303 3347 467 3410 fortioribus,
493 3345 697 3414 sanctioribus,
709 3344 874 3411 utilioribus,
925 3344 1046 3417 gemina,
1065 3353 1159 3401 contra
1175 3347 1394 3404 constitutionem
1410 3351 1517 3407 Domini
1532 3354 1645 3425 faciens,
1660 3374 1726 3416 con·

72 3437 109 3492 ad
124 3438 240 3503 minora,
256 3435 414 3501 infirmiora,
427 3435 532 3501 viliora,
552 3434 691 3490 inutiliora
714 3449 802 3504 genus
825 3434 875 3488 hu·
926 3449 996 3505 grue
1012 3441 1135 3504 tempore
1150 3434 1310 3506 deponatur.
1330 3459 1341 3487 s
1359 3438 1392 3494 Et
1407 3440 1434 3494 in
1450 3450 1546 3513 quarto
1562 3463 1569 3500 :
1588 3467 1599 3496 ι
1626 3445 1725 3506 offerri

72 3541 185 3581 manum
211 3525 348 3582 vocaverit
375 3525 452 3580 :sed
472 3524 542 3579 sicut
564 3538 680 3595 persona
705 3523 765 3578 Filii
788 3520 876 3579 servis
927 3536 983 3577 non
998 3520 1079 3578 liceat
1103 3522 1205 3594 aliquid
1228 3524 1263 3578 ad
1288 3525 1382 3594 altare,
1408 3536 1509 3599 praeter
1527 3548 1611 3589 novas
1635 3537 1725 3608 spicas

71 3615 231 3687 premissis,
248 3615 291 3670 vel
306 3613 412 3685 angelis
427 3613 562 3679 videlicet,
580 3612 623 3667 vel
638 3611 801 3677 hominibus,
827 3627 876 3666 na·
926 3619 952 3664 et
968 3625 1045 3675 utras,
1064 3618 1091 3666 et
1106 3610 1195 3666 oleum
1212 3612 1246 3667 ad
1265 3612 1419 3684 luminaria,
1437 3624 1463 3672 et
1478 3619 1634 3690 thymiama,
1646 3625 1726 3684 idest

74 3713 143 3760 turre
157 3720 213 3760 suae
227 3703 367 3775 praeminct
381 3703 520 3772 majestate
537 3720 545 3768 3
562 3701 670 3773 sicipse
687 3701 715 3756 in
735 3714 818 3757 carne
841 3701 877 3757 ad
925 3698 1075 3768 incensum,
1092 3708 1215 3770 tempore
1230 3717 1283 3772 qno
1298 3703 1551 3763 sanctacelebratur
1569 3711 1682 3768 oblatio.
1711 3736 1722 3766 ι

73 3793 198 3858 veniens,
215 3792 268 3847 illis
292 3793 393 3861 majora
419 3792 542 3856 instituit,
569 3798 595 3846 et
619 3806 633 3844 a
657 3790 814 3846 carnalibus
841 3789 876 3845 avl
926 3788 998 3842 Dum
1012 3804 1079 3859 ergo
1094 3789 1219 3861 quaedam
1233 3791 1413 3862 probibentur
1427 3794 1724 3859 offerriostenditurea

74 3882 215 3953 spiritaha,
232 3899 247 3935 a
261 3883 375 3937 terrenis
390 3882 425 3936 ad
437 3880 567 3946 coelestia,
585 3896 601 3934 a
616 3879 811 3951 temporalibus
841 3878 876 3933 ad
926 3877 1120 3949 aquibusdsm
1136 3878 1200 3935 licet
1215 3881 1440 3952 extraordinarie,
1453 3883 1634 3946 oblationibus
1644 3891 1724 3948 adhi-

73 3980 185 4039 aetema,
202 3971 236 4026 ab
258 3969 426 4042 imperfectis
447 3970 480 4024 ad
502 3969 632 4041 perfecta,
660 3969 694 4024 ab
718 3969 817 4024 umbra
841 3968 877 4024 ad
926 3965 993 4021 hita.
1019 3967 1096 4022 Unde
1119 3967 1312 4041 Eutychianus,
1338 3971 1484 4028 vicesimus
1508 3983 1621 4035 octavus
1651 3983 1726 4041 sedis

73 4074 185 4131 corpus,
200 4059 235 4116 ab
249 4059 417 4134 imaginibus
440 4058 474 4114 ad
499 4058 639 4117 veritatem
661 4058 756 4115 docuit
783 4064 876 4114 trans·
926 4054 1056 4111 Romane
1071 4056 1180 4127 praesul,
1194 4058 1332 4114 constituit
1347 4059 1441 4133 fruges
1455 4079 1537 4136 super
1558 4065 1645 4125 altare
1666 4078 1726 4128 tan-

77 4149 209 4207 eundum.
924 4151 981 4200 tum
995 4144 1064 4200 fabae
1080 4154 1108 4201 et
1121 4163 1182 4204 uvae
1198 4147 1331 4205 benedici.
1347 4150 1382 4205 llt
1397 4152 1456 4210 haee
1470 4153 1586 4214 idicirco¹
1607 4157 1726 4219 sortasse

364 4280 475 4339 CAPUT
505 4281 581 4338 lell
928 4233 992 4306 quia
1005 4235 1069 4291 vino
1086 4237 1226 4308 sanguinis
1242 4238 1376 4295 Dominici
1391 4243 1549 4312 mysterium
1559 4246 1723 4320 celebratur,

148 4393 154 4405 ‚
585 4324 591 4337 '
685 4390 690 4403 .
756 4389 761 4403 ι
797 4389 802 4401 Ι
861 4387 866 4401 ‚
927 4320 990 4378 faba
1007 4341 1071 4381 vero
1086 4325 1280 4382 abstinentium
1295 4327 1371 4385 cibus
1387 4332 1629 4392 esthliasautem
1639 4338 1717 4399 diver

73 4391 112 4450 De
127 4392 233 4449 vertute
243 4394 497 4456 sacramentorum,
513 4393 541 4446 el
555 4406 607 4445 cor
621 4390 654 4444 ab
665 4405 704 4445 ets
719 4404 868 4446 crammoss
882 4387 910 4450 D
924 4428 1016 4470 sarum
1030 4415 1137 4486 Species
1152 4432 1245 4472 ,emm
1259 4425 1388 4474 mmmm
1403 4427 1445 4474 ω
1458 4420 1570 4481 ubilibet
1601 4389 1728 4491 benedici

365 4479 587 4552 ³u⁵ff³²²dan²'¹⁴r·
924 4516 941 4557 a
956 4504 1153 4574 sacerdotibus,
1168 4504 1212 4561 vel
1226 4506 1250 4560 si
1264 4505 1300 4562 sd
1314 4507 1398 4563 altare
1421 4509 1609 4572 benedicende
1631 4521 1726 4591 quaeli.

110 4595 198 4668 Igitur
212 4609 274 4651 cum
289 4594 348 4665 ipse
363 4593 446 4650 Filius
462 4593 511 4649 Dei
525 4593 597 4648 dicat
614 4610 620 4648 ε
639 4593 707 4649 Coro
726 4609 789 4649 meo
811 4608 875 4650 cere
924 4590 971 4648 bet
985 4592 1151 4664 deferentur,
1181 4594 1291 4666 speciali
1320 4596 1509 4656 benedictione
1535 4617 1551 4656 a
1579 4619 1723 4669 consecra.

73 4682 872 4755 cstcibcsetsongcismercsvcrccrtpotuaffoon.v1):ita
923 4680 996 4737 tione
1010 4682 1216 4739 Dominicorum
1232 4693 1470 4755 sacramentomm,
1491 4691 1656 4753 omnimodis
1680 4701 1722 4757 di.

71 4773 281 4845 intelligendum
296 4781 345 4838 est,
362 4772 457 4828 eadem
479 4771 672 4843 redemptionis
695 4779 794 4827 nostrae
812 4788 873 4842 my·
925 4772 1078 4827 scernenda
1095 4790 1101 4826 :
1119 4780 1148 4827 ut
1163 4772 1231 4828 sicut
1246 4789 1295 4845 pro
1308 4774 1460 4831 innumeris
1484 4776 1554 4853 legis
1578 4786 1722 4861 mandatis,

74 4863 160 4918 steria
175 4870 201 4917 et
215 4878 280 4918 vere
295 4877 357 4918 esse
373 4877 472 4932 corpus
487 4869 513 4915 et
528 4861 691 4933 sanguinem
701 4861 819 4930 Domini,
847 4869 875 4917 ut
925 4859 1075 4916 breviatum
1086 4862 1228 4935 Evangelii
1243 4864 1356 4918 verbum
1366 4866 1569 4926 Dominusfecit
1579 4888 1660 4946 super
1673 4886 1723 4936 ter.

73 4951 148 5007 illius
171 4950 280 5006 unitatis
303 4948 440 5021 perfectae,
467 4967 548 5022 quam
572 4965 634 5005 cum
658 4950 746 5021 capite
779 4958 874 5005 nostro
925 4965 984 5004 ram
1000 4950 1065 5021 (lac.
1082 4952 1123 5021 x),
1140 4951 1175 5005 ita
1190 4968 1239 5022 pro
1263 4953 1378 5009 diversis
1402 4955 1600 5017 sacrificiorum
1624 4965 1722 5028 ritibus

71 5042 129 5112 jam
143 5056 202 5113 spe,
217 5047 327 5112 postera
342 5056 372 5094 re
387 5039 546 5106 tenebimus,
563 5040 680 5112 pignora
695 5040 807 5096 credere
830 5040 876 5096 de·
924 5038 1039 5110 simplex
1053 5038 1152 5096 oblatio
1166 5041 1245 5111 panis
1259 5049 1285 5097 et
1300 5042 1355 5098 vini
1369 5043 1494 5102 fidelibus
1520 5049 1646 5124 sufficiat,
1678 5075 1722 5133 qui

73 5129 181 5186 bemus.
199 5129 264 5185 lude
279 5135 306 5185 et
321 5137 524 5184 sacramentor
540 5127 752 5185 sanctificatione
767 5130 811 5185 vel
828 5146 874 5186 se·
923 5144 978 5184 non
992 5128 1020 5183 in
1034 5128 1205 5186 multitudine
1217 5132 1375 5189 umbrarum
1389 5135 1573 5206 apparituram
1596 5157 1722 5218 quaerung

74 5227 149 5277 creta
163 5218 270 5285 virtute,
288 5218 423 5275 dicuntur.
439 5218 515 5274 Unde
531 5218 611 5274 etiam
626 5218 768 5274 cuminum
793 5218 873 5274 fmdi-
924 5218 1074 5284 veritatem‚
1092 5220 1217 5275 sedeam
1238 5221 1265 5275 in
1288 5223 1507 5286 manifestatione
1539 5230 1673 5294 factorum
1696 5248 1723 5298 eg

1209 2092 1321 2149 CAPUT
1346 2092 1446 2150 Xt'tlt.

1088 2213 1162 2284 Quid
1177 2216 1352 2288 offerendam
1366 2219 1406 2274 sit
1419 2221 1452 2274 ic
1466 2221 1565 2278 altori.

75 5317 129 5364 tate
144 5307 299 5379 capitalium
314 5323 331 5363 a
344 5307 475 5363 membris
490 5306 588 5362 Christi
599 5307 750 5376 deviantes,
763 5307 798 5362 ab
808 5307 874 5379 ipsis
923 5315 989 5362 nent
1001 5307 1180 5379 perspicuam.
1197 5310 1274 5366 Unde
1302 5315 1482 5385 quorumdam
1496 5320 1658 5395 simplicium
1680 5344 1721 5385 er·
1768 5338 1777 5346 “

74 5396 256 5455 sacramentis
271 5396 456 5454 ecclesiastico
473 5396 678 5468 suspenduntur
690 5395 803 5465 Judicio.
821 5394 874 5465 Qui
925 5412 970 5452 ror
984 5397 1018 5453 de
1031 5397 1206 5454 Judaiearum
1221 5401 1442 5471 superstitionum
1460 5412 1604 5470 seminario
1629 5424 1718 5485 natus,

75 5487 149 5543 enim
165 5501 265 5558 corpus
280 5494 306 5542 et
321 5487 482 5557 sanguinem
497 5487 605 5541 Domini
624 5485 707 5557 digne
730 5485 875 5541 manducat
925 5493 950 5542 et
965 5485 1000 5541 ad
1015 5494 1107 5542 nostra
1120 5504 1207 5561 usque
1222 5496 1344 5562 tempora
1359 5496 1484 5566 quaedam
1497 5502 1652 5558 vestustatis
1668 5520 1719 5561 ex.

76 5583 104 5633 et
118 5575 197 5644 bibit,
214 5575 341 5647 designat
355 5592 386 5633 se
400 5591 462 5633 esse
476 5576 505 5632 in
519 5576 577 5633 Deo
592 5583 619 5632 et
641 5576 730 5632 Deum
755 5574 840 5632 ineo
865 5590 873 5629 :
924 5575 1039 5634 tendens
1053 5576 1175 5652 vestigia,
1194 5579 1250 5649 jam
1278 5597 1312 5639 ex
1335 5598 1436 5660 magna
1459 5595 1536 5660 parte
1559 5589 1719 5665 sapientium

219 5685 341 5745 remon.
357 5683 453 5744 cxlv.
1545 5695 1580 5753 30
