3772 6112
132 284 167 338 75
423 285 625 343 walramni
644 285 766 342 sinant
784 284 883 341 FULI).
903 280 991 339 MON.
1011 282 1087 340 OPP.
1108 283 1195 341 PARS
1214 284 1234 339 Ι.
1255 314 1290 325 -
1308 282 1543 340 THEOLOGICA.
1744 282 1781 338 ’16

164 406 312 462 ιιοιιιιιει·.
323 407 408 464 Stella
423 418 465 464 est
486 410 558 464 bona
582 408 734 464 exhortatio
757 408 861 463 ducens
883 406 920 462 ad
934 404 1078 466 Aocculte
1088 423 1137 478 per
1152 406 1244 479 lugam
1258 408 1292 461 ad
1303 407 1491 461 illustrandam
1500 406 1647 478 AEgyptum
1656 403 1779 460 descen-

130 495 279 550 Christum.
290 496 339 550 Vel
349 496 440 567 potius
450 495 519 552 indes
535 504 653 568 quaest
668 495 767 551 mentis
788 495 929 552 illumina·
979 494 1029 560 dit,
1043 494 1137 550 relicta
1153 503 1232 550 nocte
1246 494 1357 550 ludaeis.

131 581 232 653 ti0,per
242 597 324 654 quam
337 583 495 657 ingrediens
503 584 640 639 Christum
651 584 724 639 videt
732 583 779 654 qui
793 590 834 638 est
850 585 929 642 stella
1013 601 1100 656 Nocte
1115 600 1175 654 rufin
1189 599 1217 654 in
1226 601 1381 672 AEgyptum,
1393 598 1456 670 quia
1472 604 1552 653 nocte
1566 596 1782 670 ignomntiaehis

131 670 283 726 mmmmm
300 679 370 729 θῑθθ
387 673 446 729 Vi³⁰
461 672 675 747 gaudetssfflfflffl
690 680 717 726 ⁰²
731 672 850 727 ⁸d⁰s⁸r0
872 688 928 728 ⁰⁰11
977 702 993 741 a
1015 689 1112 759 quibus
1137 688 1195 759 ipse
1219 687 1334 743 recessit
1357 686 1467 757 reliquit
1490 684 1648 742 incredulis.
1661 684 1779 754 Quando

131 756 242 814 desinit·
977 775 1058 841 redit,
1079 776 1167 832 noctis
1190 791 1245 831 non
1268 773 1299 829 fit
1322 775 1433 842 menti0,
1455 774 1517 845 quia
1539 773 1568 828 in
1592 773 1645 828 line
1670 771 1777 841 mundi,

165 863 250 921 Vens.
264 867 307 919 tt).
319 895 354 905 -
364 866 456 921 Goviri
466 868 536 921 sunt
549 865 651 937 paedia
665 881 777 936 moeno,
790 871 842 920 etc.
853 863 927 920 Gau·
975 863 1062 919 tudaei
1076 862 1157 919 fidem
1168 870 1295 935 tanquam
1306 863 1443 919 Christum
1453 862 1487 916 ab
1498 862 1615 935 AEgypto
1630 867 1778 917 reverten-

129 950 174 1007 dio
189 953 301 1024 gaudet,
311 953 357 1023 qui
372 960 486 1023 propter
500 954 588 1007 Deum
599 952 657 1025 (qui
673 968 770 1008 verum
795 953 926 1025 gaudium
977 959 1032 1007 tem
1047 951 1227 1023 suscipientes
1242 950 1475 1006 illuminabuntur.

128 1039 299 1112 est)gaudet.
309 1040 391 1095 Addit
414 1047 442 1095 et
464 1056 566 1113 magno
591 1056 644 1112 quo
669 1038 737 1094 nihil
761 1047 802 1094 est
825 1041 924 1110 majus.
1011 1059 1043 1112 p,
1067 1059 1267 1130 [59me
1282 1053 1669 1128 cratippetcpmnigenum
1685 1055 1777 1110 Deum

128 1128 164 1226 E}
177 1128 257 1183 valde
272 1128 369 1201 gstlissir
386 1129 450 1200 ‘luia
465 1128 499 1184 de
520 1145 622 1200 fflfldfl0
637 1136 727 1200 POlssSl
755 1128 825 1183 alius
851 1128 923 1201 ptus,
975 1153 1108 1200 monstrat
1132 1151 1324 1201 venerantem:
1335 1144 1398 1216 quia
1423 1143 1547 1199 Christus
1563 1142 1689 1198 aJudaeis
1716 1158 1774 1199 non

129 1215 199 1272 allus
213 1216 303 1271 minus
317 1216 449 1288 {landem
975 1241 1112 1304 receptus,
1122 1249 1173 1304 per
1186 1232 1406 1304 predicationem
1423 1231 1517 1286 transit
1531 1231 1682 1304 adgentes.
1693 1230 1776 1304 Fugit

164 1321 249 1376 Vens.
263 1325 350 1376 ll.-
360 1323 394 1375 Et
403 1323 547 1377 intrantes
562 1321 685 1388 domum,
708 1327 761 1377 etc.
774 1321 841 1376 Tres
851 1321 925 1395 Magi
973 1321 1002 1375 in
1021 1323 1167 1393 AEgyptum
1192 1322 1261 1377 sicut
1275 1329 1354 1375 uatus
1369 1327 1411 1375 est
1424 1327 1455 1375 ut
1478 1326 1636 1390 corruptam
1661 1326 1771 1389 reparet

128 1424 183 1464 uno
212 1408 319 1462 itinere.
337 1409 424 1463 Deum
440 1408 551 1463 veniunt
580 1408 791 1479 adorar·e:quia
814 1409 842 1464 in
870 1425 924 1465 nno
973 1408 1416 1482 naturam.Siciugit,utfugaces
1432 1415 1582 1464 revocaret.
1597 1407 1677 1477 Quod
1692 1406 1772 1479 fugit,

128 1496 236 1552 Christo
252 1496 310 1568 (qui
325 1504 366 1551 est
381 1496 437 1565 via)
453 1496 644 1567 inseparabilis
672 1496 790 1552 Trinitas
820 1497 855 1551 ab
884 1497 924 1553 eis
974 1497 1136 1554 sacramenti
1159 1497 1208 1552 fuit
1223 1513 1278 1551 non
1293 1496 1450 1564 timoris,ut
1464 1494 1620 1565 exemplum
1647 1494 1773 1567 fugiendi

127 1592 188 1640 erut
202 1584 352 1639 adoranda.
382 1586 507 1640 Puerum
537 1602 602 1640 eum
626 1585 714 1640 Mario
742 1589 834 1640 matre
851 1587 921 1657 ejus,
974 1585 1051 1640 daret
1073 1586 1138 1640 suis.
1149 1586 1211 1640 Non
1234 1584 1304 1658 fugit
1326 1591 1445 1639 mortem
1469 1584 1515 1655 qui
1541 1583 1612 1637 mori
1637 1589 1770 1638 venerat:

131 1679 184 1728 ete.
197 1672 275 1743 Saepe
286 1689 354 1744 puer
363 1672 528 1738 nominatur,
537 1680 566 1727 ut
581 1689 643 1728 eum
654 1679 816 1746 agnoscant,
826 1672 860 1728 de
869 1689 923 1745 qno

126 1760 229 1817 dictum
245 1768 305 1816 est:
320 1764 396 1817 Puer
409 1765 496 1817 nutus
511 1765 552 1816 est
568 1761 656 1817 nobis.

162 1884 217 1939 Cur
226 1900 281 1939 non
291 1893 317 1939 et
325 1884 426 1955 loseph
437 1899 499 1940 cum
509 1884 595 1938 illaria
606 1884 731 1942 inventus
742 1890 809 1939 esta
820 1883 923 1957 bingis?

124 1970 167 2027 Ne
177 1971 268 2044 aliqua
279 1972 342 2026 iude
352 1971 432 2027 malae
439 1971 601 2042 suspicionis
611 1971 722 2028 occasio
732 1972 846 2026 claretur
854 1988 924 2045 gen·

123 2060 204 2128 tibus,
217 2076 278 2132 quae
288 2059 422 2131 primitias
448 2075 512 2114 suas
528 2059 620 2114 statim
644 2067 709 2114 nato
723 2058 869 2116 Salvatore
886 2060 921 2116 ad

126 2164 189 2204 eum
199 2148 370 2203 adorandum
384 2147 527 2202 miseruut.

160 2254 354 2310 :iteraverunt
369 2270 443 2309 earn.
457 2253 502 2308 Sic
525 2250 687 2308 confitentes
719 2253 815 2323 Deum,
838 2269 920 2325 quem

125 2350 217 2398 actum
231 2358 292 2397 esse
307 2341 445 2397 hominem
460 2340 832 2414 intelligunt,etmoritu1·um
848 2343 922 2414 quod

124 2446 175 2503 per
188 2431 329 2501 myrrham
344 2430 501 2485 ostendunt.

160 2538 196 2593 Et
218 2537 335 2610 apertis,
349 2544 401 2592 etc.
414 2535 507 2591 Fidem
523 2550 601 2590 suam
625 2534 747 2605 mysticis
762 2542 920 2605 protestan-

123 2632 168 2680 tur
195 2623 373 2679 muneribus:
387 2624 500 2678 Munera
528 2622 632 2691 clausa,
649 2620 717 2677 fides
733 2629 775 2677 est
809 2623 918 2690 cordis;

125 2727 240 2768 munera
255 2719 361 2783 aperta,
379 2719 443 2779 etc,
457 2726 543 2782 ascite
557 2711 593 2765 ad
608 2709 650 2765 vel
673 2727 724 2780 per
748 2710 806 2765 naec
826 2711 878 2765 tria
892 2711 920 2766 iu

123 2801 221 2856 eodem
229 2799 336 2855 Christo
347 2798 514 2866 intimantur,
525 2797 603 2870 regia
612 2805 744 2868 potestas,
755 2798 847 2855 divina
857 2813 919 2855 ma·

116 2888 216 2957 iestas,
228 2888 349 2943 humana
363 2886 526 2942 mortalitas.

156 3011 242 3066 vans.
254 3014 296 3067 ta.
308 3040 343 3050 -
351 3011 385 3064 Et
399 3025 531 3082 responso
539 3012 662 3080 accepto.
673 3007 860 3079 Sicutlloyses
875 3015 918 3065 ta-

973 1688 1024 1729 nec
1039 1673 1151 1728 insidias
1166 1673 1274 1744 expavit
1297 1673 1344 1744 qui
1367 1680 1479 1727 venerat
1502 1671 1611 1742 aperire
1635 1670 1772 1727 versutias

934 1755 961 1814 B
975 1762 1084 1816 diaboli.
1096 1763 1137 1817 De
1151 1763 1202 1818 hac
1216 1761 1281 1834 fuga
1295 1760 1420 1832 praedixit
1435 1758 1537 1815 isaias:
1553 1761 1622 1815 Ecce
1633 1760 1772 1817 Dominae

971 1850 1104 1906 ascaridet
1112 1867 1195 1922 saper
1203 1850 1304 1905 nubem
1312 1850 1408 1915 baem,
1420 1848 1504 1915 idest,
1517 1862 1629 1904 carnem
1640 1846 1699 1902 sine
1709 1861 1772 1918 pec·

972 1945 1032 1994 cato
1044 1955 1051 1992 ι
1063 1938 1291 2010 inoredteturqae
1319 1938 1470 2009 AEpyptum
1493 1934 1641 2007 (isnin).
1659 1935 1772 2005 Septem

971 2033 1062 2081 autern
1075 2026 1152 2080 annis
1167 2026 1195 2080 in
1210 2026 1326 2097 AEgypto
1341 2024 1428 2079 latuit.

1006 2116 1050 2169 Ec
1074 2116 1199 2186 AEpypto,
1225 2115 1329 2171 vocavi.
1354 2114 1384 2168 lu
1404 2111 1483 2168 0saea
1505 2112 1580 2181 juxta
1604 2111 1770 2170 Hebraicam

971 2202 1113 2258 veritatem
1135 2203 1189 2258 hoc
1208 2201 1346 2257 invenitur
1356 2219 1363 2255 ε
1374 2201 1418 2256 vel
1433 2200 1461 2254 in
1476 2199 1546 2256 libro
1570 2201 1767 2269 Numerorum,

971 2299 1001 2345 ut
1024 2290 1133 2361 quidam
1160 2289 1376 2361 asserunt:quia
1403 2296 1490 2344 totum
1516 2287 1701 2359 dispositione
1717 2289 1769 2345 Dei

970 2377 1136 2437 factumest.

1006 2486 1091 2539 Vens.
1104 2487 1147 2538 ιι.
1158 2513 1194 2523 -
1206 2485 1280 2539 Tune
1291 2482 1409 2538 ilerodes
1424 2482 1530 2538 videns.
1541 2481 1696 2537 Verisimile
1711 2489 1764 2551 est,

970 2572 1043 2643 quod
1059 2587 1121 2627 eum
1135 2571 1236 2626 llerodi
1251 2570 1319 2624 nihil
1342 2569 1525 2624 renuntiatum
1549 2577 1623 2624 esset
1636 2585 1652 2624 a
1667 2569 1765 2642 lingis,

970 2658 1087 2715 credidit
1100 2658 1162 2713 illos
1176 2658 1264 2714 fallaci
1278 2657 1356 2713 stella
1371 2659 1502 2728 deceptos
1516 2673 1588 2722 esse,
1601 2664 1628 2713 et
1651 2657 1714 2713 ideo
1728 2657 1765 2713 ad

970 2763 1000 2802 se
1014 2763 1070 2802 non
1083 2762 1145 2803 esse
1160 2761 1287 2802 reversos
1299 2763 1306 2800 :
1318 2745 1427 2800 undeet
1438 2744 1644 2817 tandiuquievit
1656 2744 1763 2816 apueri

969 2834 1152 2907 inquisitione.
1165 2835 1270 2891 Deinde
1284 2833 1401 2907 vulgatis
1412 2833 1454 2888 his
1465 2849 1526 2905 quae
1539 2833 1568 2887 in
1577 2832 1680 2906 templo
1689 2832 1762 2890 iacta

968 2924 1074 2980 dictave
1101 2923 1217 2991 fuerant,
1228 2939 1258 2978 se
1272 2921 1383 2995 allagis
1412 2921 1498 2976 sensit
1524 2921 1651 2988 illusum,
1678 2927 1707 2977 et
1734 2920 1764 2977 in

968 3019 1086 3067 mortem
1101 3011 1201 3067 Christi
1215 3026 1367 3082 properans
1381 3025 1481 3080 pueros
1496 3008 1605 3065 occidit.

121 3113 187 3156 cens
198 3097 344 3166 clamabat,
357 3097 397 3152 sic
406 3096 451 3151 isti
462 3096 508 3167 pio
517 3096 617 3151 affeetu
632 3096 841 3169 interrogabant
851 3096 952 3170 quide,
1002 3116 1156 3174 Verisimile
1171 3125 1213 3172 esp
1226 3132 1278 3187 pe,-
1290 3131 1391 3171 annum
1406 3122 1433 3170 ep
1452 3122 1567 3186 quatuo,
1595 3113 1655 3171 dies
1669 3129 1685 3170 a
1693 3113 1763 3170 napi,

121 3185 213 3242 divina
220 3186 330 3256 juberet
339 3186 475 3241 voluutas.
486 3185 549 3240 Hoec
559 3184 703 3255 responsio
709 3200 764 3239 non
774 3182 803 3238 sn
812 3199 863 3255 per
872 3201 919 3240 an·
971 3205 1052 3262 vitate
1067 3204 1167 3261 Christi
1181 3205 1319 3260 Herodem
1332 3204 1361 3259 in
1384 3219 1486 3275 puems
1510 3201 1658 3260 desaevjsse
1669 3219 1677 3257 3
1689 3201 1764 3274 quod

121 3274 223 3347 delum,
236 3275 284 3330 ⁵⁰⁶¹
294 3290 345 3344 per
354 3273 443 3345 ipsum
457 3274 554 3340 Deumv
568 3273 632 3343 ‘luia
645 3271 736 3326 nunus
755 3271 824 3327 llius
844 3273 917 3328 Viam
966 3292 1080 3349 forsitan
1095 3293 1157 3348 ideo
1171 3292 1285 3359 distulit,
1303 3292 1365 3363 quia
1374 3292 1489 3347 Romam
1499 3288 1639 3362 proiectus
1653 3296 1704 3360 est,
1716 3288 1763 3346 vel

120 3363 288 3419 reversionis
299 3362 422 3428 instituit,
436 3361 487 3416 nisi
503 3361 548 3416 ille
563 3360 608 3432 qui
618 3360 684 3417 dicit
696 3377 702 3414 :
715 3362 770 3433 Epo
780 3377 844 3417 sunt
858 3363 914 3429 vio,
965 3382 1003 3437 ibi
1017 3388 1169 3448 accusatus,
1181 3380 1225 3436 vel
1240 3386 1270 3435 „t
1282 3381 1419 3436 Romanos
1433 3378 1590 3435 consuleret
1613 3393 1698 3448 super
1720 3376 1763 3434 hig

120 3454 234 3517 veritas,
242 3454 270 3506 et
278 3452 346 3506 vita.
355 3451 417 3504 Non
427 3449 621 3520 loquiturpuer
631 3448 666 3503 ad
675 3463 732 3514 eos,
743 3464 777 3503 ne
788 3448 915 3506 divinitas
966 3487 1027 3541 (μω
1041 3469 1076 3525 de
1091 3468 1199 3525 christo
1213 3467 1383 3523 dicebamur·
1393 3467 1458 3523 Meo
1472 3465 1587 3524 sossium
1610 3465 1705 3522 mdiu
1727 3465 1763 3522 ad

118 3547 182 3596 ente
192 3547 299 3610 tempus
305 3537 484 3605 revelaretur,
495 3545 522 3592 et
530 3552 596 3592 vera
604 3536 760 3592 humanitas
768 3536 912 3593 habeatur.
964 3557 1139 3629 inquisitione
1152 3555 1232 3628 pueri
1247 3572 1277 3611 se
1292 3555 1434 3622 continuit,
1445 3563 1474 3610 ut
1488 3553 1631 3611 sollicitius
1645 3552 1764 3611 eumde,

117 3627 195 3684 Unde
206 3634 234 3682 et
255 3626 361 3683 meniu
385 3626 531 3698 AEgyptum
554 3624 669 3680 mittitur
688 3623 770 3695 :quia
794 3631 822 3680 et
846 3623 914 3680 fides
964 3645 1158 3718 prehenderffl,
1169 3660 1260 3716 neque
1274 3643 1346 3699 elabi
1359 3643 1449 3714 aliquo
1464 3642 1547 3700 modo
1561 3650 1666 3714 posset·

114 3715 259 3771 nutrienda
269 3721 327 3770 erat
337 3713 370 3769 ad
381 3713 533 3784 premium,
557 3720 585 3768 et
607 3712 661 3769 vita
681 3711 815 3769 doctrinae
835 3728 909 3784 prae-

115 3804 236 3876 paranda
246 3811 288 3859 est
297 3803 331 3860 ad
348 3803 476 3858 eundum.
484 3804 539 3858 Per
551 3802 640 3857 otiam
657 3803 742 3869 υἰαηι,
755 3807 807 3856 ete.
820 3800 913 3858 Inhoc

114 3890 201 3948 forma
208 3891 288 3947 datur
299 3890 484 3956 credentibus,
495 3896 524 3943 ut
534 3888 625 3943 devoti
640 3887 674 3942 ad
685 3888 773 3943 Deum
783 3887 911 3943 veniant:

115 3987 143 4037 et
157 3978 230 4051 quod
241 3978 336 4047 iubeat
359 3976 508 4045 intendant,
530 3975 644 4041 seilicet,
656 3990 691 4029 ne
714 3975 749 4029 ad
772 3973 912 4030 diabolum

115 4058 229 4123 redeant
241 4082 248 4120 :
260 4064 310 4120 sed
324 4080 374 4135 per
389 4063 499 4120 semitas
514 4063 645 4119 virtutum
659 4062 693 4117 ad
720 4060 836 4133 patriam
859 4079 910 4120 ve-

112 4152 205 4222 niant,
231 4159 259 4209 et
286 4152 333 4225 qui
356 4151 516 4209 ceciderunt
539 4149 739 4207 contemnendo
763 4158 911 4224 resurgant

114 4241 279 4299 ⁰b0d¹⁶⁰d⁰·
958 4305 1119 4369 martyrum,
1136 4297 1184 4369 qui
1199 4297 1314 4369 parvuli,
1331 4296 1449 4353 humiles
1459 4304 1486 4352 et
1499 4297 1660 4352 innocentes
1675 4295 1761 4354 eccisi

145 4359 369 4459 (¹⁴⁸⁰·)‘⁴·d⁰,r³⁰¹
383 4357 411 4456 i?
434 4372 516 4455 ΜΨ
541 4355 713 4455 Verbum-in
724 4353 836 4456 ῙΠῩΨῘΕ
862 4373 908 4412 ⁸³*
960 4393 1022 4441 suut
1039 4402 1046 4440 z
1064 4385 1111 4458 qui
1125 4401 1181 4442 non
1196 4385 1223 4440 in
1238 4385 1331 4441 Judaea
1345 4392 1459 4455 tentum,
1477 4384 1526 4441 sed
1554 4383 1657 4456 ubique
1685 4382 1760 4456 pessi

90 4509 93 4514 ,
112 4449 252 4522 pientiam,
262 4448 289 4547 iu
304 4445 459 4545 infirmitate
483 4451 619 4542 virtutem,
630 4450 657 4500 et
671 4459 700 4498 in
713 4446 832 4543 hominis
856 4460 943 4522 ve-1)
959 4480 1021 4529 sum
1035 4473 1069 4528 ab
1083 4473 1184 4545 impiis,
1201 4488 1269 4545 quos
1284 4470 1419 4546 significat
1429 4472 1563 4529 Herodes.
1579 4470 1661 4542 Quod
1676 4470 1759 4527 Μὴ

111 4537 347 4594 rimefflmmum
360 4539 518 4603 mfflesmust
532 4540 692 4604 ‘amm‘
706 4532 742 4589 “d
757 4548 819 4605 ΨΜ
834 4533 908 4604 qu⁰d
958 4561 1021 4633 qnia
1035 4560 1159 4617 doctrina
1177 4565 1215 4616 'et
1241 4560 1400 4631 operatione
1414 4558 1540 4631 perlecti.
1572 4558 1629 4613 Illis
1658 4558 1760 4616 occisis

113 4633 172 4726 epat
185 4624 213 4680 in
228 4621 385 4679 substantiis
407 4619 558 4693 proprium,
580 4635 635 4676 non
660 4626 719 4676 erat
741 4620 769 4674 in
791 4636 909 4691 persona
958 4649 1081 4704 Chrispus
1097 4648 1182 4704 evasi,
1198 4666 1205 4703 :
1222 4647 1285 4719 quia
1300 4663 1416 4720 corpora
1432 4653 1546 4720 possum
1559 4645 1668 4718 perimi,
1685 4645 1758 4705 divi·

112 4714 262 4772 mersum·
957 4736 1027 4793 nitas
1042 4753 1097 4794 non
1113 4736 1243 4810 contingi.

148 4820 234 4875 Vm·
248 4820 291 4873 ¹³·
308 4845 343 4856 ··
358 4814 460 4886 ᾹθθῑΡθ
478 4830 609 4887 iterum,
634 4820 687 4870 02⁰·
704 4814 826 4885 (Hm)
841 4814 910 4870 Cum
992 4827 1027 4881 nt
1043 4825 1212 4883 inomutbus
1222 4824 1326 4894 finibus
1340 4825 1410 4895 ejus.
1421 4823 1483 4880 Non
1494 4829 1535 4878 est
1549 4828 1694 4879 contentus
1709 4836 1756 4879 va·

111 4908 304 4979 despffllsfflm
318 4918 378 4959 eam
390 4903 463 4972 justo
478 4901 655 4974 significabat,
672 4902 817 4974 θθῃιῦιιθῐΰ
839 4917 909 4956 ¹¹⁰ss-
957 4913 1072 4969 statione
1095 4912 1262 4980 Bethlehem,
1284 4911 1332 4966 sed
1355 4911 1505 4980 adjacentia
1527 4910 1596 4966 loca'
1616 4909 1754 4981 vastavit3

112 4995 229 5067 cupillis
242 4993 292 5048 sed
305 4999 368 5063 90⁸²
382 4997 489 5061 llffl'lum
504 4998 591 5045 malet
606 4997 709 5045 lantum
724 4989 789 5046 ³8⁵⁰
812 4997 908 5046 OSless·
957 5016 1009 5058 nec
1024 5001 1108 5056 ullam
1121 4999 1339 5056 misericordiam
1353 4999 1439 5055 aetatis
1453 4999 1547 5055 habuit
1560 5015 1578 5054 a
1592 4997 1648 5055 filio
1672 4999 1753 5055 unius

1000 3751 1108 3808 Occidit
1122 3767 1219 3807 omnes
1231 3766 1342 3823 pueros.
1374 3748 1461 3818 Quam
1476 3748 1529 3806 cito
1539 3748 1664 3804 Christus
1679 3762 1764 3821 appa·

961 3838 1016 3893 ruit
1030 3839 1142 3907 mundo,
1159 3838 1261 3909 incepit
1275 3839 1303 3892 in
1318 3852 1381 3893 eum
1395 3837 1550 3908 persecutio
1566 3854 1573 3891 ε
1592 3853 1654 3908 quae
1681 3835 1760 3911 figu-

962 3926 1031 3982 ravit
1046 3927 1267 3997 persecutionem
1282 3933 1457 3982 sanetorum:
1474 3933 1502 3981 et
1510 3926 1576 3981 dum
1585 3923 1676 3980 infans
1686 3941 1761 3997 quae·

961 4014 1039 4084 riter,
1056 4013 1172 4070 infantes
1187 4014 1366 4081 occiduntur;
1383 4014 1411 4068 iu
1427 4013 1526 4086 quibus
1536 4012 1762 4087 ionnamartyrii

960 4103 1090 4172 nascitur,
1106 4104 1153 4159 ubi
1167 4103 1278 4159 infantia
1291 4102 1424 4160 Ecclesiae
1437 4101 1588 4159 dedicatur.

995 4209 1106 4283 Figurat
1133 4225 1208 4266 mors
1236 4208 1412 4281 parvulorum
1454 4206 1609 4280 passionem
1638 4205 1761 4264 omnium

24 5125 27 5130 ·
112 5083 237 5152 ditur,ut
252 5079 481 5154 quemadmodum
500 5078 573 5147 justo
602 5077 704 5149 loseph
731 5078 908 5150 deputaretur
957 5089 1045 5147 noctis
1060 5106 1147 5162 usque
1161 5089 1195 5145 ad
1211 5087 1423 5144 filiumduorum
1432 5087 1644 5159 annorumquin
1657 5102 1755 5145 omnes

113 5170 205 5227 liariae
219 5170 248 5225 in
262 5168 417 5243 virginitate
433 5165 600 5239 conjugium,
612 5165 649 5220 ita
663 5165 827 5222 venerabilis
848 5167 908 5236 ejus
957 5179 1105 5236 occideret,

114 5258 305 5316 ⁰⁵²0¹¹d⁰l²⁸l¹l
320 5257 348 5313 in
361 5258 426 5313 ¹⁰⁸⁰
441 5255 535 5311 mallis
551 5253 701 5328 lisbium&
991 5267 1011 5322 Α
1029 5266 1218 5324 bimatcldeo
1232 5281 1248 5320 a
1261 5264 1373 5334 bimatu,
1385 5271 1414 5320 ut
1429 5264 1500 5322 sieut
1513 5268 1756 5336 praeoccupaverat

150 5365 235 5421 Vens.
247 5365 336 5432 tt-,lb
345 5393 379 5404 -
388 5363 440 5430 Qui
450 5357 909 5433 conserpensdosephfignrapraa·
957 5355 1081 5410 Herodes
1096 5346 1165 5409 fines
1180 5353 1307 5419 civitatis,
1318 5355 1354 5408 ita
1364 5361 1392 5411 et
1400 5361 1608 5424 preoccuparet
1617 5352 1756 5408 aliuman·

113 5453 274 5521 dicatorum,
291 5451 338 5523 qui
353 5451 500 5518 Christum,
517 5466 579 5506 cum
594 5456 689 5515 matre,
707 5448 799 5516 idest,
825 5445 908 5503 fidem
956 5459 1031 5498 num.
1045 5443 1110 5498 ldeo
1134 5442 1215 5525 etiam
1237 5459 1253 5496 a
1274 5442 1375 5496 bimatu
1387 5459 1394 5495 τ
1406 5440 1468 5512 quia
1491 5441 1613 5509 timebat,
1625 5455 1661 5496 ne
1683 5452 1755 5511 puer

112 5541 220 5612 Christi,
238 5548 266 5598 et
278 5539 411 5598 Ecclesiae
427 5539 547 5595 tulerunt
561 5537 596 5593 ad
611 5545 718 5611 gentes,
730 5534 828 5593 relicto
852 5537 907 5594 lle·
957 5531 1001 5589 cui
1014 5529 1214 5586 famulabantur
1228 5530 1423 5601 sidera,pnulo
1437 5545 1522 5603 snpra
1535 5536 1645 5588 atatem
1659 5527 1704 5590 vel
1712 5527 1752 5586 iu·

112 5631 192 5702 rode,
221 5629 250 5688 id
277 5637 319 5688 est
343 5627 500 5686 tudaeorum
527 5625 697 5683 infidelitate.
713 5624 808 5686 Noeta.
838 5623 908 5696 Quia
955 5619 998 5679 ira
1011 5619 1133 5694 speciem
1146 5618 1200 5678 eibi
1213 5617 1406 5678 coniermaret.
