3772 6112
52 268 120 330 1⁰21
415 263 498 322 vlla
511 264 541 322 S.
562 262 676 321 attat
696 293 731 308 -·
758 263 823 322 ΜΒ.
853 264 887 322 11.
914 263 1022 323 SIGNA
1036 264 1086 324 EO
1109 264 1257 324 nonme
1286 265 1411 324 sacta,
1641 270 1712 329 tota

54 395 174 451 heusum
198 409 251 466 qua
271 407 322 464 pro
347 405 433 448 causa
452 391 505 447 hoe
520 389 609 446 scelus
625 388 706 445 vellet
720 390 902 453 admittereA
915 405 975 446 ram
987 406 1075 465 usque
1088 390 1123 446 ad
1145 391 1231 446 altare
1254 391 1413 458 decurrens,
1428 390 1528 463 pallam
1544 393 1603 462 ejus
1617 391 1716 450 lineam

56 489 245 556 percontatur.
262 479 314 549 Qui
340 495 404 536 cum
427 494 477 550 pro
501 477 595 551 spoliis
610 478 683 532 illius
698 477 865 550 excipiendis
918 489 1091 546 ascendendo
1114 489 1273 562 occupavit,
1289 497 1316 546 eq
1330 490 1366 545 pa
1387 506 1474 564 usque
1493 490 1528 546 ad
1542 491 1715 548 medietatem

56 589 87 628 se
110 571 138 627 id
157 570 250 628 facere
271 568 392 626 voluisse
422 567 568 634 fateretur,
585 567 714 623 continuo
736 567 864 637 brachia,
915 577 1019 645 infecit,
1034 587 1063 634 ur
1073 594 1211 651 nunquam
1227 579 1358 650 deinceps
1372 577 1444 635 ablui
1457 579 1599 651 potuisset.
1616 580 1648 636 ln
1660 595 1715 653 quo

55 677 119 734 ‘³¹¹ae
133 660 227 716 divina
242 657 418 730 &riguerant
438 655 572 726 j¹¹⁵⁸i⁰¹¹er
590 655 725 726 demun·
741 655 865 727 ΡθῐῬθῦ·
912 665 977 738 quid
1001 667 1174 739 potissimum
1199 667 1285 723 mirer
1308 667 1430 724 iuvenire
1451 683 1507 724 non
1524 675 1621 740 potero
1645 676 1715 724 :ut-
1768 699 1774 708 ·

55 750 126 805 dens
141 749 234 821 itaque
258 747 327 803 alter
340 761 370 801 se
397 743 490 800 diviua
506 742 692 799 misericordia
705 759 755 816 per
768 743 866 799 merita
912 771 1009 811 rumne
1024 756 1097 828 quod
1112 755 1202 811 oleum
1218 756 1314 812 subtus
1328 772 1427 831 aquam
1442 756 1605 828 depressum
1620 764 1670 824 est,
1682 773 1717 813 an

56 837 130 893 beati
146 836 218 893 Galli
243 851 260 891 a
282 849 350 891 nece
373 840 525 900 servatum,
540 846 706 904 pacemcum
725 831 772 887 illo
789 831 863 900 fecit,
913 844 988 915 quod
1008 860 1079 917 aqna
1098 860 1149 916 per
1168 845 1294 902 eamdem
1317 845 1465 902 fracturam
1485 860 1540 900 non
1554 845 1657 913 defluit,
1672 846 1717 903 vel

57 935 85 984 εἰ
100 926 218 983 fflaesum
232 923 322 981 arbim
335 922 470 995 pemssi‘·
912 939 986 989 certe
1011 933 1085 1004 quod
1109 933 1200 989 oleum
1213 934 1248 989 de
1270 934 1426 1005 pavimento
1446 934 1473 989 in
1492 933 1591 1006 pallam
1607 950 1716 991 sursum

344 1056 457 1114 cgpm·
475 1055 576 1113 ΠΝι
912 1021 1045 1078 ascendit.
1076 1023 1106 1077 ln
1131 1023 1229 1095 quibus
1254 1030 1345 1078 tamen
1372 1022 1517 1090 omnibus,
1533 1031 1561 1079 et
1588 1023 1716 1080 virtutem

507 1173 513 1187 ,
910 1110 996 1167 sancti
1010 1110 1063 1167 riri
1084 1118 1224 1168 ostensam
1243 1120 1269 1169 et
1283 1111 1395 1168 stultam
1418 1113 1581 1185 parcitatem
1596 1111 1716 1169 ministri

237 1175 339 1232 Puella
361 1173 529 1231 ammoneo
554 1171 683 1229 liberato.
783 1264 793 1284 ,
912 1198 1079 1272 mmmm
1098 1201 1282 1275 mmmm

93 1312 230 1368 Praeterea
242 1315 299 1364 tam
311 1305 389 1362 multi
405 1320 422 1361 a
436 1304 528 1362 furore
552 1305 772 1378 daemonumper
787 1306 863 1376 ejus·
1198 1323 1312 1381 cqppp
1330 1323 1431 1380 xm

56 1402 122 1458 dem
144 1398 232 1456 sancti
246 1397 335 1453 Patris
359 1394 457 1452 merita
480 1403 543 1451 sunt
566 1394 694 1464 liberati,
712 1403 741 1450 ut
763 1394 787 1450 si
800 1410 863 1451 om-

57 1490 136 1546 nium
150 1487 318 1545 curationem
332 1499 549 1542 commemorare
572 1483 698 1553 velimus,
715 1482 863 1540 fastidiosis

58 1577 209 1635 lectoribus
222 1575 396 1633 occasionem
404 1572 593 1629 murmurandi
603 1573 764 1628 tribuamus.
773 1573 862 1630 Utrum
949 1562 1030 1620 Sileni
1052 1578 1107 1620 non
1131 1564 1281 1637 debetque
1303 1563 1403 1621 virtute
1426 1563 1567 1619 servitium
1582 1579 1662 1621 suum
1675 1564 1717 1621 di·

57 1683 128 1739 ergo
151 1681 185 1722 ex
207 1664 331 1737 pluribus
352 1661 525 1735 replicamus,
547 1677 582 1717 ue
596 1662 649 1718 hoc
663 1662 794 1718 virtutum
809 1677 861 1734 ge.
916 1651 1056 1708 mittentes
1081 1660 1108 1708 et
1132 1651 1318 1709 fraudulenter
1332 1652 1511 1709 abscedentes
1524 1651 1621 1709 beatus
1637 1654 1719 1710 Pater

56 1773 111 1812 nus
133 1755 191 1812 viro
214 1760 308 1809 sancto
329 1751 453 1807 defuisse
473 1759 610 1822 putetur,
627 1750 721 1805 euetta
735 1749 909 1822 quedam,B
923 1741 1069 1812 reprimat,
1087 1747 1113 1796 er
1135 1741 1179 1796 vel
1202 1740 1295 1814 lapsos
1316 1747 1439 1807 revocer,
1455 1740 1499 1797 vel
1512 1742 1666 1812 pertinaces
1690 1742 1719 1797 in

56 1839 210 1897 sevissima
237 1837 322 1892 hostis
341 1836 446 1908 antiqui
465 1835 616 1892 vexatione
630 1835 749 1901 detenta,
768 1843 795 1890 et
811 1850 868 1890 non
920 1829 994 1885 malo
1008 1828 1096 1885 feriat.
1112 1829 1207 1885 Frater
1221 1829 1330 1903 quidam
1345 1830 1379 1886 de
1394 1829 1490 1886 eodem
1501 1829 1665 1886 monasterio
1681 1830 1721 1886 fu·

56 1927 221 2003 ignobilium
235 1925 329 1981 labore
343 1932 487 1997 parentum
500 1925 536 1980 ad
549 1923 745 1979 monasterium
760 1923 868 1995 perdu-
917 1932 982 1990 gam
1002 1918 1131 1987 molitus,
1147 1934 1247 1990 equum
1269 1917 1342 1973 furto
1363 1918 1468 1990 rapuit,
1493 1925 1520 1974 et
1540 1934 1590 1990 per
1612 1926 1720 1976 noctem

58 2024 115 2084 cta,
131 2031 194 2072 curn
204 2013 354 2071 oratorium
368 2012 442 2069 beati
456 2012 528 2069 Galli
542 2010 710 2068 confessoris
726 2011 866 2079 intrasset,
917 2006 1062 2063 abscessit.
1080 2007 1202 2080 Cumque
1218 2007 1253 2063 ad
1269 2006 1356 2063 libeni
1371 2006 1472 2063 fluenta
1492 2005 1576 2081 fugax
1589 2006 1719 2076 venisset,

58 2104 152 2161 statim
165 2102 290 2159 horribili
305 2101 437 2159 demonis
450 2100 622 2157 intestatione
635 2101 746 2174 agitata,
765 2101 801 2156 ed
811 2107 867 2156 ter·
917 2096 1096 2152 transvadare
1108 2095 1135 2150 in
1154 2110 1225 2169 equo
1248 2095 1361 2152 tentarit
1379 2114 1386 2151 :
1405 2104 1431 2151 et
1451 2095 1572 2152 emedio
1586 2095 1658 2153 alvei
1671 2112 1720 2153 ue·

57 2209 120 2250 ram
141 2190 278 2259 concidit,
292 2188 484 2247 miserabiliter
499 2205 529 2247 se
543 2188 712 2261 discerpens,
724 2189 867 2246 horrendo
915 2183 973 2240 cius
988 2184 1023 2240 ad
1036 2184 1126 2241 locum
1141 2185 1187 2240 ubi
1201 2184 1307 2240 intravit
1346 2183 1453 2240 caballo
1467 2183 1606 2241 deferente
1625 2201 1721 2243 rever·

59 2283 180 2341 clamore
208 2279 384 2352 spurcissima
411 2279 495 2336 verba
518 2277 601 2352 coepit
628 2275 778 2334 effundere.
807 2276 867 2347 Qua
918 2288 973 2340 sus,
990 2288 1052 2329 curn
1066 2288 1166 2348 magna
1181 2272 1352 2330 festinatione
1366 2273 1400 2331 ad
1414 2273 1612 2329 monasterium
1627 2273 1733 2343 rediit,

63 2386 150 2430 eausa
164 2386 234 2428 unus
249 2385 264 2425 e
278 2367 426 2436 fratribus,
442 2366 598 2440 Stephanus
612 2366 732 2434 nomine,
748 2365 867 2423 miserim
916 2368 1027 2434 sputans
1041 2377 1071 2417 se
1086 2361 1114 2416 in
1128 2361 1197 2417 alias
1211 2361 1393 2435 longe'partes
1415 2362 1575 2418 abscedere.
1586 2362 1665 2418 Mane
1676 2362 1720 2418 fa-

917 1448 1045 1518 thlitcr
1059 1449 1200 1520 fugitivus
1223 1447 1379 1505 monachus
1393 1449 1714 1506 revocabasritinuitrrs.

60 2460 135 2523 illius
155 2473 334 2531 compassus,
350 2456 442 2513 tandiu
455 2472 537 2528 super
550 2471 611 2513 earn
621 2455 805 2512 exorcismum
818 2471 865 2512 re·
915 2457 969 2519 cto,
985 2465 1048 2507 curn
1063 2465 1093 2506 se
1106 2451 1315 2524 recognovisset
1328 2449 1433 2506 frustra
1454 2450 1612 2517 lahorasse,
1628 2450 1721 2508 confu-

56 2549 159 2616 citavit,
190 2546 370 2620 quoadusque
393 2544 489 2602 eadem
513 2544 622 2601 vexatio
636 2542 771 2600 liniretur.
787 2543 866 2601 lissi·
916 2554 961 2593 sus
976 2537 1094 2594 interdiu
1117 2538 1223 2595 delituit
1247 2547 1353 2595 :noctu
1381 2554 1445 2596 vero
1460 2537 1553 2612 fugam
1573 2538 1717 2611 arripiens,

58 2637 177 2711 piscanti
190 2644 282 2693 autern
295 2634 394 2707 puellm
406 2633 504 2690 modos
518 2633 687 2706 poenitcutiae
703 2632 809 2701 indixit,
821 2648 861 2690 se·
914 2625 943 2682 in
963 2626 1056 2694 fluvia,
1073 2626 1141 2684 sicut
1155 2627 1242 2700 prius,
1258 2627 1403 2684 salubriter
1417 2643 1540 2685 errorem
1554 2644 1651 2700 passus
1666 2634 1717 2696 est,

58 2742 145 2801 seque
169 2741 218 2798 pro
237 2724 286 2781 illa
307 2723 335 2780 in
356 2721 524 2779 orationibus
545 2736 578 2778 ac
599 2720 709 2791 iejuniis
733 2737 865 2778 exercere
915 2723 942 2771 et
955 2717 1066 2789 stropha
1077 2715 1148 2773 facta
1170 2733 1221 2788 per
1243 2717 1369 2773 eamdem
1383 2717 1454 2772 viam
1468 2716 1594 2773 nesciens
1608 2732 1719 2773 remea·

62 2815 156 2888 coepit.
171 2816 206 2871 ht
220 2813 321 2871 misera
336 2811 437 2869 femina
450 2819 479 2867 nt
492 2811 527 2868 de
540 2809 685 2884 prohibitis
700 2809 772 2868 escis
786 2810 865 2884 quid-
914 2804 962 2860 vit.
986 2803 1146 2861 confusioni
1167 2804 1251 2878 igitur
1273 2805 1486 2862 obstinationem
1503 2806 1641 2881 J'ungens,
1657 2805 1716 2879 ipsa

60 2905 129 2961 libet
149 2903 309 2976 usurpavit,
326 2908 381 2958 tam
398 2899 498 2958 acriter
521 2915 583 2956 earn
604 2898 733 2957 continuo
757 2899 863 2956 demon
914 2892 995 2949 etiam
1010 2909 1040 2949 se
1062 2892 1107 2949 die
1130 2892 1268 2963 occuluit,
1285 2902 1312 2951 et
1333 2902 1414 2951 nocte
1438 2894 1561 2951 insecuta
1575 2893 1656 2951 tertio
1669 2910 1719 2951 no·

61 2992 171 3059 invasit,
194 3000 223 3047 ut
247 2990 292 3049 vix
314 3006 330 3046 a
352 2988 445 3046 multis
469 2989 556 3046 teneri
580 2987 722 3060 potuisset.
738 2987 861 3061 Cumque
915 2990 970 3037 tum
984 2981 1173 3054 itercarpens,
1188 2982 1270 3039 modo
1294 2999 1349 3056 quo
1371 2982 1489 3039 diximus
1500 2983 1592 3039 itidem
1606 2998 1720 3040 revoce-

60 3082 209 3139 identidem
219 3079 255 3137 ad
268 3077 395 3138 eumdem
408 3076 500 3135 locum
512 3076 645 3150 perducta
660 3084 743 3145 esset,
757 3083 785 3134 et
798 3076 862 3133 Ste-
875 3107 902 3172 G
915 3077 969 3127 tur.
992 3070 1114 3145 Cumque
1128 3071 1185 3141 Jam
1209 3071 1288 3129 taedio
1303 3071 1402 3140 victus,
1430 3072 1474 3128 die
1490 3071 1570 3131 tertio
1584 3088 1614 3129 se
1629 3072 1720 3144 sopori

58 3171 166 3243 pharus
194 3168 364 3242 supradictus
386 3166 485 3223 iterato
504 3180 656 3237 supeream
679 3164 861 3220 exorcismum
917 3159 946 3215 in
977 3174 1074 3232 campo
1099 3159 1230 3229 dedisset,
1250 3177 1266 3215 a
1290 3160 1453 3234 quibusdem
1483 3177 1584 3234 equum
1611 3177 1717 3235 cogno-

58 3259 220 3327 recitasset,
240 3256 340 3312 animal
354 3254 499 3328 parvulum
532 3253 560 3310 in
577 3253 688 3309 modum
704 3253 800 3308 bruchi
822 3253 867 3309 ni-
918 3247 1057 3304 scentihus
1080 3255 1177 3321 captus
1200 3257 1241 3305 est
1256 3256 1283 3306 et
1298 3265 1348 3306 suo
1371 3250 1433 3307 loco
1447 3249 1595 3306 restitutus.
1610 3250 1645 3306 Et
1658 3249 1724 3323 quia

58 3348 211 3423 gerrimum
225 3346 260 3402 ab
275 3346 334 3416 ejus
348 3360 398 3402 ore
412 3343 576 3416 prolapsum
594 3350 645 3398 est.
662 3341 790 3399 llocviso
805 3357 867 3398 cum
918 3335 1045 3392 effectum
1066 3336 1213 3393 voluntatis
1229 3353 1287 3394 sum
1309 3353 1364 3394 non
1384 3337 1503 3408 invenit,
1520 3339 1602 3395 eliam
1623 3338 1720 3394 nolens

57 3437 133 3493 idem
154 3434 236 3491 frater
259 3432 387 3490 attentius
410 3431 574 3503 adjurationi
601 3430 755 3498 insisteret,
781 3430 867 3486 tribus
918 3425 1006 3480 sancti
1027 3424 1077 3481 viri
1098 3425 1198 3481 virtute
1225 3425 1324 3494 victus,
1339 3427 1375 3482 ad
1390 3426 1461 3484 viam
1475 3427 1609 3499 pervenit.
1624 3427 1719 3484 Solent

60 3525 166 3582 vicibus
183 3522 354 3596 singulorum
373 3520 522 3577 similitudo
546 3520 712 3576 bruchorum
727 3534 777 3575 ore
790 3519 867 3576 exci-
917 3520 1007 3570 autem
1025 3512 1121 3585 plures
1137 3513 1229 3570 testari
1261 3521 1374 3571 cunctos
1398 3516 1444 3588 qui
1468 3515 1503 3571 de
1526 3516 1611 3572 sancti
1632 3516 1720 3589 ipsius

61 3614 102 3672 dit
116 3612 235 3670 feminae.
261 3611 330 3681 Ques
357 3609 484 3668 animalia
498 3609 563 3665 dum
587 3615 707 3664 astantes
727 3622 810 3664 manu
823 3623 868 3664 ca·
918 3598 1022 3657 familia
1053 3600 1225 3674 aufugerint,
1251 3609 1297 3658 aut
1318 3601 1536 3660 emendationem
1560 3604 1721 3676 quantocius

60 3718 130 3776 pere
143 3703 321 3766 miterentur,
336 3700 426 3756 subito
448 3699 655 3771 disparuerunt,
672 3695 763 3753 Puella
776 3703 868 3753 autem
919 3689 1022 3758 subire,
1039 3698 1085 3746 aul
1103 3688 1253 3746 manifestat
1276 3689 1372 3747 ultioni
1395 3691 1496 3749 debere
1518 3692 1720 3748 succumbere:

61 3790 161 3848 eadem
184 3791 254 3846 hora
277 3788 395 3845 surrexit
423 3785 585 3854 incolumis,
602 3793 630 3842 et
657 3785 793 3859 reliquum
806 3785 869 3842 vitae
917 3794 1007 3851 neque
1030 3777 1156 3851 cuiquam
1178 3777 1290 3850 impune
1310 3779 1428 3849 cedere,
1444 3779 1492 3853 qui
1515 3777 1598 3836 fldem
1610 3778 1650 3836 illi
1663 3779 1722 3853 ple-

62 3895 120 3936 sue
135 3887 242 3951 tempus
255 3879 367 3951 absque
380 3876 437 3933 ulls
454 3875 588 3934 demonis
606 3873 779 3932 infestatione
793 3889 860 3946 pcr-
918 3882 981 3923 nam
996 3882 1106 3925 servare
1127 3867 1331 3940 contempserit.

63 3968 131 4044 “i‘'
1204 3972 1451 4077 aarurxxvn.

333 4079 445 4138 CAPUT
458 4079 548 4136 ω’
920 4134 1052 4192 Fulmina
1068 4134 1256 4209 deformatas,
1264 4137 1373 4209 purtim
1389 4137 1492 4208 Rome,
1505 4137 1614 4211 partlm
1628 4137 1660 4193 ia
1674 4135 1723 4193 boc

62 4214 198 4275 ffirucufo
206 4213 262 4273 olei
272 4214 424 4285 defluentis
432 4211 725 4287 onrmmrtncrepoto
733 4210 868 4275 custodis.
1168 4210 1267 4263 sancto
1279 4208 1336 4264 loco
1346 4210 1475 4264 sonatur.

60 4322 133 4380 Illud
149 4337 256 4395 quoque
271 4320 338 4378 libet
359 4320 506 4378 ostendere
521 4318 640 4377 evidenti
654 4318 789 4376 miraculo
804 4333 871 4392 quo·
956 4318 1035 4389 Quod
1050 4318 1183 4376 Dominus
1207 4319 1318 4394 flagello
1332 4336 1382 4377 suo
1411 4320 1544 4395 quosdam
1571 4319 1733 4392 apeccatis·

62 4411 148 4468 modo
166 4411 209 4467 vir
239 4417 351 4467 sanctus
374 4408 506 4482 quosdam
527 4409 555 4465 in
570 4423 620 4465 suo
643 4407 754 4465 servitio
769 4407 803 4464 de
816 4422 868 4480 pe·
920 4416 1154 4482 coerceat,etpro
1171 4410 1328 4467 commissis
1342 4409 1454 4484 affligat,
1470 4409 1547 4467 testis
1562 4417 1603 4468 est
1617 4410 1726 4483 paraly-

62 4499 144 4557 nuria
178 4514 268 4555 rerum
296 4497 463 4570 trepidantes
498 4495 682 4569 corripuerit,
699 4504 726 4551 et
754 4465 905 4552 midisel]
924 4498 993 4556 ticus
1007 4498 1052 4557 cui
1074 4506 1135 4555 ante
1157 4499 1327 4556 sanationem
1341 4499 1465 4557 Salvator
1478 4506 1591 4573 peccata
1604 4498 1723 4556 dimittit.

64 4586 394 4660 fideipusillanimitatem
419 4585 590 4644 confortarit.
606 4585 737 4642 Ecclesiae
751 4584 810 4656 ejus
824 4600 870 4642 cu·
925 4587 971 4644 Sic
998 4594 1089 4645 autem
1118 4587 1265 4663 aliquando
1292 4587 1418 4660 percutit,
1447 4596 1477 4643 ut
1499 4603 1547 4645 eos
1570 4595 1725 4646 sanctorum

67 4684 137 4744 ιιοιι,
153 4676 219 4732 dum
234 4677 356 4749 quodem
371 4683 495 4748 tempore
519 4673 572 4732 olei
586 4673 693 4746 copiam
707 4674 743 4730 ad
757 4673 875 4730 lumina·
928 4692 1041 4734 suorum
1053 4677 1157 4733 meritis
1178 4675 1390 4751 suffragantibus
1405 4675 1516 4733 sanitati
1530 4675 1656 4734 restituat
1671 4695 1678 4732 r
1696 4684 1726 4734 ut

63 4765 109 4823 ria
133 4765 294 4822 instruenda
316 4780 371 4822 non
392 4764 516 4834 haberet,
533 4762 626 4820 lumen
651 4762 725 4837 quod
739 4761 768 4818 in
782 4770 875 4835 crypta
925 4774 952 4821 et
979 4766 1079 4824 divinae
1100 4765 1264 4839 operationis
1292 4765 1328 4821 sit
1349 4763 1481 4823 indicium
1497 4808 1504 4837 ,
1521 4779 1584 4823 curn
1610 4765 1725 4823 interius

67 4854 198 4912 omnibus
212 4852 441 4911 arderenoctibus
457 4852 563 4910 solebat
577 4852 722 4925 quamdam
737 4860 874 4909 nocteex-
923 4854 1005 4912 homo
1018 4871 1067 4927 per
1081 4854 1219 4928 flagellum
1231 4871 1249 4911 a
1261 4862 1375 4927 peccato
1389 4855 1572 4928 compescitur
1582 4873 1591 4922 ;
1602 4864 1628 4911 et
1639 4855 1726 4913 virtus

60 4943 167 5014 stianit,
181 4942 246 5016 quia
258 4943 353 4999 lumen
370 4942 445 5015 quod
458 4948 522 4999 ante
537 4940 876 5014 superiusaltareettum·
924 4950 1080 5001 sanctorum
1110 4943 1213 5016 liquido
1235 4942 1436 5016 comprobetur,
1460 4959 1523 5001 cum
1545 4958 1594 5017 pro
1615 4943 1724 5001 illorum

61 5033 126 5089 bam
151 5032 284 5100 ardebat,
299 5048 350 5105 per
364 5031 511 5105 quamdam
528 5028 678 5087 fenestram
703 5029 794 5088 radios
808 5045 874 5087 snos
924 5032 1030 5088 meritis
1051 5032 1172 5089 exterius
1185 5032 1286 5090 sanitas
1308 5032 1460 5090 exhibetur.
1480 5032 1523 5088 Fit
1536 5032 1619 5090 etiam
1631 5032 1719 5091 inter-

62 5120 99 5178 ed
114 5120 202 5177 altare
215 5120 289 5177 inira
312 5127 437 5193 cryptam
473 5118 593 5192 positum
608 5117 753 5193 dirigebat,
772 5126 798 5176 et
813 5117 874 5175 suffi
923 5121 988 5178 dum
998 5129 1027 5177 ut
1037 5121 1083 5194 qui
1097 5121 1148 5178 Dei
1163 5121 1269 5179 occulto
1280 5120 1383 5191 judicio
1397 5137 1453 5177 uon
1462 5120 1519 5193 uni,
1535 5121 1584 5179 sed
1598 5122 1723 5195 pluribus

61 5224 127 5267 cere
140 5209 246 5281 utrique
260 5208 322 5267 loco
336 5208 439 5266 credeh
455 5214 525 5264 atur.
541 5209 572 5264 ln
587 5207 684 5265 eadem
698 5214 789 5264 autem
803 5207 873 5263 lam·
923 5208 1124 5266 infirmitatibus
1146 5210 1278 5280 subiacet,
1303 5224 1359 5266 uon
1381 5209 1483 5281 pariter
1498 5210 1599 5280 omnia,
1616 5212 1666 5269 sed
1679 5211 1724 5267 di-

59 5298 134 5372 pade
158 5298 256 5365 vitrea,
280 5313 362 5371 quam
386 5296 559 5353 exstinctam
573 5312 589 5351 a
603 5296 717 5353 custode
731 5296 874 5352 retulimus
922 5298 1010 5356 versis
1024 5299 1192 5371 temporibus
1207 5307 1233 5355 et
1241 5298 1470 5356 intercessoribus
1485 5299 1633 5357 debilitatis
1647 5298 1726 5355 amit·

61 5402 136 5459 aqua
151 5386 266 5444 inferius
280 5394 305 5443 et
320 5385 375 5444 olei
388 5386 526 5460 pinguedo
546 5385 666 5457 desuper
680 5391 746 5441 erat.
761 5383 873 5439 hfirabi-
922 5395 961 5444 tat
983 5387 1158 5444 incommoda
1184 5404 1191 5442 :
1215 5395 1245 5442 ut
1258 5389 1324 5443 dum
1346 5387 1462 5459 alicujus
1485 5389 1638 5446 remedium
1660 5386 1724 5442 mali

67 5474 125 5532 lem
140 5491 199 5531 rem
223 5475 345 5531 dicturus
368 5491 445 5540 sum,
462 5474 500 5530 ita
514 5481 599 5530 totum
610 5472 700 5530 oleum
714 5488 764 5544 per
776 5472 874 5531 rimam
921 5493 972 5548 per
994 5476 1072 5532 unius
1096 5475 1193 5532 merita
1216 5476 1303 5534 sancti
1325 5477 1501 5546 conceditur,
1526 5474 1721 5550 redintegratio

67 5563 96 5621 in
118 5562 204 5621 fundo
224 5570 362 5637 repertam
384 5562 510 5637 guttatim
525 5562 561 5619 ad
575 5571 678 5619 terram
700 5560 821 5628 defluxit,
843 5570 873 5618 ut
922 5564 1043 5621 sanitatis
1067 5565 1178 5622 alterius
1192 5565 1322 5638 precibus
1337 5574 1364 5624 et
1384 5566 1482 5624 honori
1496 5572 1629 5622 servetur.
1646 5563 1722 5634 Qua·

64 5652 107 5710 nil
121 5668 200 5727 aque
212 5652 310 5711 deesse
333 5653 481 5710 rideretur.
500 5652 632 5727 Idemque
650 5650 741 5728 liquor
754 5667 806 5726 per
817 5658 872 5709 ter·
920 5671 980 5714 rum
1002 5653 1125 5714 omniurn
1147 5670 1239 5715 rerum
1266 5656 1379 5716 evidens
1402 5654 1533 5716 indicium
1561 5651 1636 5712 dabit
1654 5653 1721 5714 suh·
