3772 6112
197 227 247 283 tlt
464 224 666 282 wattratnt
685 223 807 280 statut
825 223 926 280 FULD.
947 220 1034 280 ΜΘΝ.
1054 220 1131 280 ΟΡΡ.
1152 224 1240 281 PARS
1259 225 1280 281 1.
1297 253 1332 267 -
1350 222 1588 281 THEOLOGICA.
1801 229 1850 283 111

236 350 323 406 Vnus.
341 351 457 407 8.-lo
471 349 521 407 boc
534 350 719 420 clarificatos,
735 357 786 405 etc.
805 346 856 448 Qi
872 358 962 403 manet
973 347 1000 403 in
1017 346 1104 410 Ahoc
1126 350 1198 421 quod
1224 349 1252 405 in
1276 349 1410 405 Christum
1438 365 1493 406 non
1522 348 1696 406 crediderint.
1725 349 1760 406 ni
1789 365 1852 409 vero

200 455 245 495 mc
260 439 374 494 fructum
389 439 500 493 multum
517 438 577 507 lert,
601 439 673 510 qnod
687 446 727 493 est
743 455 774 493 ex
790 438 874 511 gratia
888 437 948 502 Dei,
974 446 1000 492 et
1050 437 1147 510 quibus
1171 438 1198 492 in
1221 438 1349 510 apostolis
1372 438 1444 494 venit
1459 447 1485 494 et
1499 439 1603 494 locutus
1623 445 1675 506 est,
1701 453 1850 496 1111111111-

201 527 237 583 ita
252 537 291 582 est
307 528 393 600 gloria
407 528 464 596 ejus
479 543 533 581 non
548 527 675 592 bominis,
701 534 726 582 et
741 528 792 582 lroc
808 536 849 582 est
865 544 872 582 ε
888 528 921 581 ln
939 525 998 592 boc,
1051 535 1152 581 santur.
1168 527 1273 583 Priores
1285 543 1349 582 vero
1363 529 1411 601 qui
1424 529 1487 584 rinc
1503 528 1561 599 lcpe
1573 531 1777 600 peccaverunt,
1791 527 1849 586 rinc

203 624 255 673 etc.
287 618 319 674 111
331 618 459 687 fructum
472 616 641 687 plurimum.
667 614 740 671 Sicut
754 631 808 671 non
823 615 1000 687 aequalitatem
1052 617 1109 687 lcpc
1122 616 1255 688 peribunt
1265 619 1354 687 (Rom.
1364 616 1445 687 111111
1453 614 1663 688 pcccatoQuod
1673 615 1849 674 noncredunt

203 705 318 761 ostendit
335 713 434 760 nostrae
448 711 551 759 naturae
567 712 593 759 et
607 721 672 769 sure,
688 704 735 759 sed
747 703 860 777 gratiam
875 720 927 776 qua
941 705 1000 759 ble-
1050 720 1094 759 me
1119 704 1167 759 sed
1191 704 1314 772 odemnt,
1341 711 1367 758 et
1391 712 1585 776 persequentur
1603 704 1631 758 in
1653 704 1760 775 meipso
1780 712 1807 761 et
1825 705 1851 762 in

202 793 289 849 diator
304 800 353 863 est,
372 809 433 847 nam
449 793 525 847 Pater
540 792 629 863 diligit
644 808 703 862 nos,
722 793 770 848 sed
784 793 811 847 in
825 792 908 858 Filio,
933 793 1000 863 Effi-
1050 793 1128 862 meis,
1144 793 1192 848 sed
1206 795 1257 849 hoc
1273 802 1411 864 peceatum
1434 793 1460 847 in
1486 809 1539 860 me,
1562 793 1643 848 etiam
1667 792 1802 849 redundat
1823 793 1849 850 iu

202 883 328 938 1111111111.
346 881 510 950 Quomodo?
525 881 553 935 Si
569 898 612 936 me
629 882 786 936 dilexeritis.
802 883 842 936 Ex
862 897 913 953 qua
928 882 1000 936 dile·
1050 882 1165 947 Patrem,
1181 881 1242 953 <piria
1258 881 1302 953 qui
1318 898 1361 937 me
1376 882 1431 937 odit
1454 889 1480 936 et
1501 884 1605 937 Patrem
1620 897 1713 937 meum
1728 881 1794 938 odit.
1818 882 1850 939 Et

201 971 312 1026 ctione?
327 986 360 1025 ex
375 978 572 1041 preceptorum
587 970 787 1025 observatione.
800 969 827 1024 Si
843 986 886 1024 me
902 970 1001 1024 dilexe·
1050 970 1122 1042 quod
1145 978 1187 1025 est
1210 970 1408 1041 gravissimum,
1430 985 1484 1025 non
1503 971 1590 1025 solum
1612 970 1676 1026 veni
1699 976 1726 1025 et
1748 971 1849 1027 locutus

201 1058 258 1113 ritis
274 1059 343 1114 sicut
358 1059 451 1114 dilexit
464 1075 508 1113 me
523 1059 611 1126 Pater,
629 1074 683 1113 non
697 1068 834 1130 quantum.
850 1059 912 1115 Non
928 1058 1000 1113 enirn
1051 1075 1120 1125 sum,
1137 1058 1184 1114 sed
1199 1075 1281 1130 opera
1295 1058 1355 1125 suci,
1383 1075 1444 1131 quea
1457 1059 1580 1116 videntes
1596 1059 1712 1115 oderunt
1727 1067 1754 1116 11
1767 1075 1812 1117 me
1825 1069 1851 1116 et

201 1155 308 1202 notatur
321 1147 469 1219 aequatas,
486 1148 536 1202 sed
550 1147 696 1202 similitudo
718 1147 785 1201 dans
809 1147 849 1203 eis
872 1156 1000 1203 aeternam
1050 1147 1165 1203 Patrem.

200 1236 388 1292 aeternitatem.
1087 1237 1171 1290 Vens.
1186 1237 1230 1292 et.
1248 1266 1282 1276 -
1299 1236 1364 1304 Qooe
1378 1251 1471 1306 nemo,
1497 1243 1548 1291 etc.
1563 1236 1660 1307 (Aua.)
1685 1235 1768 1304 Quod
1781 1238 1857 1308 parit

236 1326 322 1380 Vnus.
341 1327 383 1380 11.
399 1356 433 1365 -
449 1326 639 1398 Utpccdium.
659 1324 792 1380 Gaudium
807 1325 857 1380 Dei
872 1325 906 1380 de
922 1323 1000 1380 nobis
1050 1330 1087 1378 tot
1110 1323 1194 1379 millia
1208 1325 1242 1379 de
1257 1324 1360 1394 paucis,
1386 1324 1459 1396 quod
1488 1340 1575 1395 super
1595 1340 1680 1396 aquas
1704 1324 1763 1391 ivit,
1789 1333 1855 1395 cto,

203 1413 248 1485 qui
261 1413 398 1485 praescivit
412 1423 438 1469 et
452 1414 652 1484 praedestinavit
667 1430 776 1484 semper
789 1413 1001 1484 estplennm,in
1050 1429 1137 1485 capace
1165 1413 1201 1469 od
1230 1421 1256 1470 et
1283 1413 1344 1485 quia
1372 1414 1501 1484 ipseper
1524 1413 1643 1495 seipsum
1665 1413 1743 1482 lecit,
1773 1430 1862 1471 neruo

199 1501 278 1557 nobis
294 1502 387 1573 incipit
402 1518 436 1558 ex
449 1502 513 1569 side,
530 1503 627 1558 erescit
640 1503 694 1558 imo
709 1510 735 1558 et
750 1500 903 1574 perficietur
918 1502 946 1556 in
962 1517 1001 1558 re·
1050 1501 1109 1557 sine
1124 1517 1166 1556 eo.

199 1591 375 1646 surrectione.
1088 1590 1221 1655 Oderunt,
1246 1598 1298 1646 etc.
1321 1590 1407 1646 ludaei
1422 1591 1514 1648 dicunt
1538 1609 1568 1648 se
1589 1593 1705 1664 diligere
1725 1593 1816 1648 Deum
1829 1603 1873 1652 et

234 1679 320 1735 Vens,
334 1683 377 1737 ta.
389 1710 424 1720 -
433 1681 488 1736 Hoc
504 1685 547 1736 ert
557 1685 740 1753 preceptum,
757 1688 809 1737 ate.
822 1681 857 1736 Et
871 1696 952 1752 supra
963 1681 1034 1764 deB
1050 1687 1138 1735 tamen
1153 1678 1306 1734 nescientes
1320 1679 1443 1746 odemnt‚
1468 1680 1529 1752 quia
1543 1681 1588 1753 qui
1603 1681 1698 1737 volunt
1711 1697 1778 1737 esse
1792 1681 1873 1742 mali

199 1767 342 1824 dilectione
357 1769 481 1839 proximi,
497 1770 547 1824 sed
558 1770 681 1840 repetitio
697 1778 737 1825 est
753 1768 920 1824 confirmatio
937 1787 943 1824 :
960 1769 998 1825 ibi
1048 1768 1142 1823 nolunt
1160 1783 1223 1823 esse
1246 1767 1385 1822 ueritatem
1400 1785 1451 1840 qua
1467 1769 1617 1824 damnatur.
1641 1770 1678 1824 Et
1699 1768 1772 1824 sicut
1793 1769 1865 1826 ode·

199 1856 833 1930 tamendlcit:Mandatumdo,quasinonante
849 1857 999 1923 inerit3hio
1048 1864 1107 1910 runt
1130 1871 1206 1910 suam
1229 1872 1346 1926 poenam,
1371 1856 1485 1913 oderunt
1507 1857 1649 1913 veritatem
1674 1874 1737 1930 quae
1752 1857 1867 1933 irrogat

200 1952 300 2010 autem,
324 1946 376 2001 hoc
401 1954 442 2000 eat
467 1947 543 2018 quasi
557 1963 612 2001 nou
625 1947 696 2001 aliud
713 1947 756 2001 sit.
773 1947 812 2000 lbi
826 1948 941 2015 Novum,
964 1962 999 2001 ne
1048 1960 1167 2015 poenam,
1193 1944 1345 2001 nescientes
1367 1961 1428 2000 eum
1448 1961 1509 2002 esse
1523 1945 1673 2002 veritatem.
1699 1946 1858 2003 111111111-

199 2033 228 2089 in
250 2041 384 2091 vetustate
405 2051 600 2104 remaneamus,
624 2035 677 2103 hic,
701 2037 799 2101 ileum,
823 2051 858 2091 ne
878 2042 1000 2092 contem·
1049 2041 1109 2088 runt
1124 2032 1272 2098 veritatem,
1290 2033 1405 2090 oderunt
1420 2050 1480 2089 eum
1503 2035 1538 2089 de
1563 2050 1617 2106 quo
1634 2042 1699 2089 nata
1715 2040 1759 2091 est
1778 2034 1852 2090 rcri-

198 2129 287 2178 natur.
1049 2128 1099 2191 tas,
1113 2130 1140 2176 et
1156 2121 1191 2175 ita
1206 2122 1310 2177 Patrem
1325 2121 1479 2178 nescientes
1494 2122 1528 2178 de
1544 2137 1577 2178 eo
1598 2130 1689 2178 natam
1709 2121 1847 2180 ceritatem

235 2238 319 2293 Vsus.
337 2241 379 2292 13.
402 2268 437 2279 -
466 2239 596 2310 llojorem
611 2240 673 2295 bac.
690 2238 789 2293 Diffinit
805 2238 1022 2311 plenitudinem·
1050 2210 1174 2267 mmm·

197 2334 296 2381 mutuae
310 2326 464 2382 dilectionis
480 2343 559 2399 quam
576 2327 674 2382 habere
689 2327 820 2399 praecipit.
1085 2325 1171 2381 Vnus.
1187 2328 1232 2383 25.
1259 2356 1292 2366 -
1319 2325 1389 2393 Quia
1403 2326 1473 2384 odio.
1488 2325 1579 2382 Gratis
1593 2326 1661 2394 odit,
1687 2326 1734 2400 qui
1750 2326 1842 2384 nullum

232 2414 318 2469 Vens.
337 2417 430 2469 111-
450 2417 585 2472 lanruac
601 2416 704 2471 dicam.
722 2416 917 2471 Commendare
932 2415 1000 2472 dile·
1050 2414 1188 2470 exodium
1204 2413 1346 2469 commodo
1369 2413 1464 2486 quaerit
1479 2415 1522 2471 vel
1544 2414 1752 2471 incommodum
1773 2415 1840 2489 fugit

195 2502 285 2559 ctione
299 2503 374 2557 addit
396 2504 468 2574 quod
483 2504 648 2574 dignationis
669 2511 719 2573 est,
745 2513 773 2560 ut
795 2504 882 2561 bonos
904 2520 999 2560 servos
1051 2503 1094 2559 Sic
1109 2502 1184 2573 impii
1197 2502 1310 2559 oderunt
1324 2502 1471 2558 Christum.
1486 2503 1530 2559 Sic
1541 2503 1608 2572 justi
1623 2502 1743 2576 diligunt
1758 2504 1842 2577 gratis,

195 2587 253 2663 (qui
268 2590 355 2647 sciunt
378 2590 503 2648 faciendo
518 2610 578 2665 quae
592 2592 724 2664 praecipit)
749 2593 819 2648 dicat
836 2594 947 2663 amicos,
973 2601 1000 2648 et
1050 2607 1104 2647 non
1118 2598 1228 2662 propter
1241 2589 1312 2645 aliud
1328 2591 1376 2647 sed
1391 2599 1501 2662 propter
1513 2591 1613 2662 ipsum.
1717 2585 1720 2590 ’

164 2733 166 2736 ,
195 2678 236 2736 eis
251 2679 321 2735 tollit
336 2695 436 2735 nomen
452 2680 532 2746 servi,
558 2681 604 2752 qui
625 2688 665 2735 est
680 2696 713 2736 ex
735 2681 830 2737 timore
845 2681 920 2737 seras
934 2681 998 2736 mit·
1086 2707 1224 2763 vfflffi·
1235 2736 1269 2746 ,,
1281 2708 1350 2762 Cam
1360 2710 1466 2762 autem,
1476 2706 1781 2779 Nuncvjdemesopem
1789 2708 1846 2765 ode.

195 2768 288 2834 tendo,
306 2768 351 2840 qui
367 2768 454 2824 nescit
469 2768 532 2841 quid
547 2768 627 2824 iaciat
640 2769 783 2825 Dominus.
802 2769 870 2839 Quia
879 2786 940 2826 cum
950 2770 999 2824 ali·
1050 2802 1110 2849 mn,
1125 2793 1208 2865 Μ,
1220 2802 1246 2849 e,
1261 2810 1304 2850 me
1320 2802 1346 2850 e,
1360 2795 1476 2850 patrem,
1500 2795 1555 2851 Sed
1568 2811 1630 2851 cum
1645 2796 1752 2857 veneri,
1766 2797 1846 2853 pm.

196 2856 262 2983 ¹(pgisd
277 2854 349 2925 facit,
367 2857 408 2913 sic
422 2856 557 2912 extollitur
571 2857 649 2929 quasi
665 2857 724 2928 ipse
738 2857 829 2925 iaciat,
846 2874 900 2913 non
915 2860 999 2914 domi·
1050 2884 1145 2947 cleu„
1173 2881 1355 2938 manifestiore
1381 2882 1535 2939 ,estimonio
1561 2883 1704 2941 convince,
1732 2900 1781 2941 ως
1802 2885 1847 2958 qui

231 3016 317 3071 Vsus.
334 3017 377 3071 ll.
399 3046 433 3056 -
456 3018 517 3072 Hcec
532 3017 644 3086 mondo,
671 3024 723 3072 etc.
742 3017 790 3073 llic
804 3018 922 3073 ostendit
935 3019 995 3091 quis

194 3103 230 3160 sit
244 3103 345 3160 fructus
359 3120 439 3176 quem
450 3105 566 3171 dixerat,
582 3121 632 3176 pro
648 3121 701 3177 quo
712 3112 738 3160 et
748 3105 821 3160 dabit
835 3107 912 3162 Pater
921 3108 994 3179 quod

194 3193 322 3264 petimus,
340 3193 385 3264 qui
400 3202 426 3248 et
440 3194 491 3249 lroc
507 3193 590 3259 dedit,
607 3201 636 3248 ut
650 3194 806 3265 diligamus.

234 3284 266 3340 tu
280 3282 416 3352 ditipotis.
434 3282 528 3352 (Auo.)
540 3283 636 3338 Merito
650 3299 721 3353 saepe
732 3283 905 3339 dilectionem
917 3298 994 3339 com-

195 3370 314 3435 mendat,
330 3370 409 3440 quasi
424 3370 483 3426 sola
492 3371 719 3442 praecipiendosit
729 3371 787 3426 sine
802 3389 853 3444 qua
867 3388 920 3427 non
931 3387 995 3444 pos·

197 3466 260 3513 sunt
275 3466 384 3525 caetera,
401 3475 461 3531 quae
476 3459 534 3514 sine
550 3460 654 3515 caeteris
664 3474 718 3516 non
727 3460 926 3532 potesthaberi.
944 3463 995 3517 Pro

195 3545 245 3603 hac
260 3554 349 3604 autam
372 3548 505 3618 patienter
527 3547 658 3603 debemus
680 3549 813 3604 sustinere
837 3549 916 3605 etiam
937 3567 996 3606 om·

193 3635 240 3689 uia
254 3636 367 3691 adversa
382 3636 485 3691 muudi.
503 3636 580 3692 Unde
596 3637 688 3692 subdit
703 3656 710 3692 ε

1050 2972 1174 3027 viderunt
1188 2979 1214 3026 et
1233 2972 1356 3041 oderunt,
1373 2971 1422 3028 sed
1448 2979 1476 3026 et
1498 2972 1630 3043 quosdam
1653 2988 1748 3028 eorum
1772 2989 1847 3030 oom-

1005 3060 1030 3123 C
1045 3059 1202 3131 punctosde
1213 3067 1286 3115 tanto
1295 3059 1397 3115 scelere
1408 3067 1555 3117 convertet.
1566 3063 1653 3130 Quem
1663 3077 1712 3134 coo
1721 3062 1846 3118 mittum.

1045 3147 1096 3204 Die
1121 3149 1293 3203 Pentecostes
1317 3147 1391 3202 venit
1418 3148 1534 3219 Spiritus
1555 3156 1665 3205 sanctus
1690 3148 1719 3204 in
1742 3157 1847 3206 centurn

1045 3236 1142 3308 viginti
1156 3236 1280 3292 homines
1294 3244 1485 3309 congregatos,
1504 3253 1565 3292 cum
1580 3236 1680 3309 quibus
1694 3246 1773 3294 erant
1787 3253 1848 3294 om-

1045 3342 1095 3381 nes
1109 3324 1223 3395 apostoli
1237 3324 1264 3378 in
1280 3325 1360 3381 domo
1375 3324 1421 3378 ubi
1435 3340 1515 3381 ooeua
1529 3323 1624 3381 luerat.
1653 3326 1706 3394 oet
1721 3344 1740 3382 o
1753 3329 1848 3384 Patre.

1047 3412 1168 3485 Spiritus
1190 3413 1313 3483 procedit
1327 3429 1342 3467 a
1356 3413 1433 3468 Patre
1447 3420 1474 3468 et
1489 3413 1566 3480 Filio,
1589 3413 1638 3469 sed
1647 3413 1733 3469 Filius
1757 3413 1853 3470 dicitur

1046 3519 1061 3556 a
1075 3503 1153 3557 Patre
1167 3501 1327 3572 procedere,
1353 3501 1415 3573 quia
1430 3501 1463 3555 ad
1477 3503 1584 3558 Patrem
1600 3501 1671 3558 solet
1684 3501 1798 3575 1111111,
1824 3511 1850 3560 et

1047 3590 1119 3662 quod
1134 3588 1219 3660 ipsius
1234 3596 1274 3644 est
1286 3588 1320 3645 de
1335 3605 1389 3661 quo
1402 3588 1462 3660 ipse
1476 3597 1527 3645 est.
1544 3591 1566 3645 Α
1581 3605 1635 3662 quo
1645 3605 1716 3663 ergo
1727 3590 1809 3648 babet
1818 3599 1848 3648 nt

1047 3679 1090 3748 sit,
1108 3678 1142 3733 ab
1157 3677 1202 3732 illo
1217 3677 1299 3733 babet
1312 3685 1341 3732 ut
1354 3678 1389 3732 de
1403 3677 1449 3733 illo
1467 3678 1597 3749 procedat
1611 3677 1740 3751 Spiritus.

230 3750 315 3805 Vxns.
334 3752 377 3804 18.
391 3781 425 3790 -
435 3751 464 3807 Si
474 3751 609 3807 maedus.
620 3750 838 3806 Nominemundi
849 3750 995 3823 aliquando

193 3837 268 3908 boni,
294 3838 440 3910 aliquando
463 3839 527 3893 mali
547 3839 734 3911 designantur,
760 3839 823 3911 quia
837 3856 891 3894 una
906 3855 996 3895 massa
1345 3810 1457 3901 capul
1475 3845 1549 3901 xvi.

194 3934 237 3981 est
252 3942 312 3997 quae
325 3934 381 3980 tota
397 3927 426 3981 in
440 3926 524 3981 Adam
540 3927 630 3996 periit,
641 3928 675 3983 de
686 3943 738 3998 qua
753 3935 816 3982 sunt
830 3927 882 3982 alia
895 3943 959 3984 vasa
968 3927 995 3982 in

193 4012 336 4079 bonorem,
354 4013 408 4068 alia
422 4013 450 4068 in
466 4014 667 4070 contumeliam.

229 4116 315 4171 Vnus.
332 4118 375 4170 19.
401 4146 435 4155 -
458 4117 577 4171 Mundus
591 4117 663 4189 qood
676 4133 771 4172 suum.
798 4116 826 4172 Si
841 4116 930 4173 malus
943 4134 997 4189 pu-

198 4205 237 4259 nit
253 4203 343 4260 111111
358 4203 431 4273 mali,
457 4220 489 4258 ex
503 4212 580 4275 parte
603 4205 659 4259 odit
682 4205 798 4260 mundus
824 4207 897 4278 quod
919 4223 997 4262 suum

197 4300 255 4360 est,
282 4293 346 4348 dum
370 4292 447 4364 punit
472 4308 505 4348 ex
524 4300 600 4364 parta
622 4302 702 4362 amat,
728 4294 790 4366 quia
818 4294 906 4350 malus
927 4295 997 4356 favet

192 4381 281 4438 malis.

1083 3984 1168 4039 Vens.
1182 3988 1207 4038 1.
1219 4015 1254 4025 -
1263 3985 1326 4041 Herc
1338 3986 1448 4042 locutus
1458 3994 1592 4054 comete.
1603 3986 1752 4060 Postquam
1763 4005 1850 4046 exem·

1047 4072 1092 4143 plo
1107 4088 1157 4128 suo
1171 4073 1262 4129 docuit
1275 4072 1344 4130 ferre
1359 4073 1420 4129 odia
1435 4075 1462 4130 in
1478 4090 1531 4145 quo
1546 4074 1635 4131 sciunt
1648 4076 1717 4148 quid
1732 4078 1848 4134 debeant

1046 4159 1145 4226 111111,
1169 4162 1218 4216 sed
1242 4176 1296 4218 uon
1320 4170 1433 4233 possunt
1458 4171 1601 4235 postquam
1623 4163 1708 4219 etiam
1727 4166 1848 4237 promisit

1048 4248 1174 4320 Spiritum
1195 4265 1248 4321 quo
1271 4258 1396 4320 poterunt
1410 4251 1549 4318 resistere,
1575 4251 1655 4308 etiam
1669 4252 1750 4308 addit
1766 4271 1773 4308 :
1790 4255 1848 4310 lloec

1048 4337 1158 4393 locutos
1173 4353 1246 4406 scm,
1263 4345 1314 4392 etc.
1331 4337 1410 4406 Quod
1426 4346 1467 4395 est
1476 4339 1630 4409 exemplum
1640 4339 1674 4395 de
1686 4340 1789 4412 Spiritu
1802 4340 1846 4413 qui

1003 4416 1221 4491 Deonlirmabit,
1248 4433 1286 4494 ut,
1310 4425 1348 4480 ita
1369 4427 1499 4483 charitate
1529 4425 1627 4483 diffusa
1656 4429 1685 4483 in
1721 4428 1847 4486 cordibus

226 4498 312 4553 vlitis.
329 4500 373 4555 20.
391 4528 425 4536 -
436 4498 579 4555 Sermonis
591 4499 657 4554 naci.
669 4500 727 4556 HOC
737 4499 840 4557 Scilicet
851 4518 857 4555 :
867 4502 927 4556 Non
938 4503 990 4556 611.
1044 4513 1153 4582 vestris,
1171 4512 1205 4568 sit
1221 4513 1299 4569 vobis
1312 4514 1395 4570 multa
1408 4531 1459 4586 pax
1475 4523 1502 4571 et
1516 4532 1570 4571 1101]
1586 4515 1758 4573 scandalum,

192 4588 227 4642 Et
242 4587 312 4641 illius
327 4587 475 4657 superioris
493 4606 499 4641 ε
516 4588 630 4653 Scitote,
647 4591 713 4661 quic
728 4606 772 4644 mc
780 4591 905 4662 priorem
920 4591 994 4647 vobis
1080 4602 1165 4657 vans,
1182 4602 1506 4660 1,-311111111011,
1522 4603 1606 4673 Quasi
1620 4602 1692 4660 dieat
1709 4623 1716 4659 ς
1733 4604 1763 4660 Si
1778 4603 1847 4676 pulei

196 4675 258 4732 odio
273 4675 380 4730 babuit.
398 4675 432 4729 Et
447 4674 536 4729 subdit
552 4691 664 4731 causam
683 4678 763 4733 :Noc
778 4682 821 4732 cat
831 4693 927 4732 servus
937 4695 996 4734 mc·
1043 4690 1078 4745 ab
1093 4691 1133 4746 eis
1149 4698 1185 4746 tot
1199 4690 1346 4762 acquiretis
1361 4690 1426 4744 mihi
1451 4691 1535 4762 (uude
1553 4691 1633 4748 vobis
1655 4692 1843 4764 gaudendum)

187 4765 245 4836 jor,
263 4770 315 4818 ⁸²⁰·
333 4760 403 4830 Quia
426 4765 551 4835 elssffllllO
575 4766 617 4820 Sili
639 4766 704 4837 (qrro
725 4765 799 4820 aliud
822 4765 918 4821 melius
940 4781 994 4821 ¹¹⁰ss
1044 4786 1073 4832 ut
1087 4794 1140 4832 non
1156 4779 1221 4832 satis
1242 4779 1276 4832 sit
1291 4778 1331 4833 eis
1355 4794 1404 4835 vos
1424 4779 1535 4850 pellere.
1563 4780 1617 4835 Sed
1632 4795 1689 4836 non
1705 4780 1847 4837 sinautri-

190 4850 244 4921 est)
260 4850 364 4905 monuit
386 4851 421 4905 aa
446 4852 557 4907 ferenda
581 4853 644 4908 odia
668 4854 771 4924 mundi,
798 4854 889 4909 subdit
911 4871 994 4926 quare
1044 4882 1118 4931 vere,
1136 4881 1169 4921 ae
1185 4882 1279 4922 omnes
1295 4865 1448 4938 acquiratis,
1472 4867 1684 4924 uratudaismo
1707 4868 1844 4937 avertatis,

192 4939 310 4996 debeant
324 4955 386 4995 eum
401 4939 428 4993 in
443 4939 494 4995 hoc
509 4939 618 5009 imitari,
647 4942 708 5014 quia
723 4942 782 5013 ipse
796 4942 937 5011 Dominus,
954 4943 993 4999 illi
1044 4953 1071 5009 in
1087 4970 1141 5026 quo
1156 4956 1242 5009 Deum
1258 4955 1343 5010 [srael
1357 4956 1470 5013 eredunt
1484 4955 1574 5011 deseri
1588 4963 1615 5011 οι
1629 4965 1724 5014 mota
1733 4974 1794 5014 sun,

193 5028 275 5084 servi·
1080 5069 1164 5122 Vnus.
1182 5070 1207 5123 l.
1223 5099 1257 5108 -
1272 5070 1334 5124 ileo
1348 5073 1455 5125 orclem.
1480 5070 1629 5141 Postquam
1653 5069 1724 5125 dixit
1746 5069 1847 5126 futuras

230 5141 313 5196 vrrs.
330 5144 374 5198 11.
389 5171 425 5183 -
439 5143 468 5200 Si
482 5159 540 5199 aon
557 5146 703 5203 venissem.
719 5147 769 5204 llic
777 5148 932 5220 expressius
946 5149 994 5203 Ju-
1044 5172 1136 5212 eorum
1151 5157 1293 5227 passiones
1317 5165 1344 5212 et
1366 5157 1568 5213 consolatorum
1583 5157 1714 5228 Spiritum
1729 5157 1772 5215 eis
1786 5173 1848 5215 esse

191 5230 266 5285 daeos
281 5230 408 5297 ostendit,
425 5232 459 5286 ad
476 5247 544 5303 quos
557 5234 639 5298 venit,
656 5236 689 5289 de
705 5236 803 5306 quibus
818 5237 867 5290 sub
884 5237 993 5291 nomine
1043 5244 1171 5309 dandum,
1187 5245 1278 5300 subdit
1290 5263 1296 5298 :
1307 5247 1369 5301 lloec
1383 5262 1440 5302 non
1451 5244 1523 5310 diei,
1540 5254 1591 5302 etc.
1608 5245 1690 5314 Quod
1705 5246 1729 5302 si
1744 5246 1857 5318 depas-

190 5317 285 5373 mundi
298 5318 437 5388 superiora
452 5320 565 5375 dixerat.
591 5321 624 5375 Et
650 5323 763 5392 quiaad
779 5324 922 5393 eosvenit,
949 5324 993 5381 hic
1044 5332 1166 5389 sionibus
1195 5332 1352 5403 accipimus,
1383 5348 1436 5388 non
1460 5333 1631 5389 solummodo
1652 5343 1718 5405 post
1741 5348 1858 5391 emnam

189 5406 391 5463 inexcusabiles
416 5407 452 5461 da
472 5408 598 5464 omnibus
621 5411 701 5466 malis
722 5412 849 5468 ostendit.
866 5415 993 5470 1111111-
1043 5422 1092 5477 sed
1108 5429 1134 5476 et
1149 5429 1211 5476 ente
1224 5420 1374 5492 proximum
1391 5422 1507 5490 Pascha,
1525 5429 1551 5477 et
1566 5423 1600 5476 ab
1616 5421 1695 5478 initio
1709 5421 1864 5479 missionis

191 5497 309 5566 tionem,
325 5503 377 5551 etc.
404 5496 445 5551 llli
462 5496 559 5569 quibus
576 5514 630 5553 non
643 5500 718 5555 venit
742 5517 793 5557 nec
816 5502 923 5559 locutus
940 5510 991 5572 cst,
1043 5509 1187 5565 duodecim
1200 5509 1383 5580 apostolorum
1403 5509 1586 5580 praedixerat3
1602 5509 1704 5568 sedda
1719 5511 1864 5568 consola·

190 5584 290 5642 habent
305 5584 506 5643 excusationem
523 5599 577 5641 non
595 5586 628 5642 de
644 5588 717 5644 omni
740 5597 863 5662 peceato,
887 5590 936 5648 sed
958 5591 992 5648 de
1043 5597 1116 5654 tione
1132 5597 1248 5670 Spiritus
1263 5597 1304 5655 eis
1317 5605 1429 5655 ventura
1444 5613 1498 5655 non
1513 5597 1689 5672 predixerat,
1710 5598 1773 5673 quia
1786 5599 1865 5671 ipse
