3772 6112
113 225 164 282 sat
561 229 695 288 GLOSSA
710 230 914 289 oanmxsm.
926 234 1077 291 -EPISa
1094 236 1105 290 1
1123 236 1171 292 AD
1190 234 1270 292 COR.
1711 242 1764 300 522

151 346 240 404 Vns.
258 353 301 405 ts.
313 379 348 392 -
361 351 508 424 Scriptum
526 356 568 409 esi
584 354 669 410 enim.
700 355 764 410 ideo
778 371 832 410 non
847 355 954 416 misitA
971 357 1034 429 quia
1049 357 1116 411 nihil
1137 358 1267 429 relinquit
1290 358 1401 414 omnino
1423 359 1496 430 quod
1517 361 1629 428 neseiat,
1646 363 1689 417 vei
1705 364 1769 435 quia

116 453 161 493 me
171 439 200 493 in
210 439 354 510 sapientia,
365 439 429 511 quia
439 440 602 510 praedixerat
617 442 691 512 quod
705 457 765 497 eam
776 458 830 498 non
844 442 918 499 reei-
968 445 1083 500 serutari
1099 453 1125 500 te
1140 445 1202 502 iacit
1221 465 1228 511 3
1245 446 1318 517 quod
1343 446 1415 502 enim
1438 447 1511 502 dono
1535 449 1621 519 ipsius
1648 457 1675 505 tu
1689 449 1765 518 iacis,

113 537 194 601 peret
210 529 238 583 in
247 526 443 600 praedieatione
453 528 623 600 evangelion,
636 529 685 585 sed
699 530 826 600 perderet
836 538 862 585 et
872 546 919 587 re·
968 531 1013 587 ille
1028 532 1118 589 facere
1134 533 1241 603 dieitur,
1258 535 1322 605 quia
1334 534 1393 590 sine
1408 534 1455 590 iilo
1470 543 1498 590 tu
1513 551 1567 591 non
1582 536 1695 593 iaceres.

113 617 247 689 probaret
260 616 295 671 00
311 614 427 687 00008Ῑο
452 615 662 688 0000000000οω
685 633 798 674 0000000
815 637 822 673 ²
838 627 864 674 00
879 618 919 675 000
1004 639 1089 695 Vsus.
1106 642 1149 696 ta.
1166 640 1218 695 Sed
1237 641 1379 712 Spiritum
1394 644 1442 714 qai
1458 658 1494 697 ea
1512 644 1567 699 Deo
1578 647 1629 700 esi.
1655 642 1769 716 Spiritus

115 704 219 762 iactum
231 712 282 760 esl-
968 734 1078 782 sanetus
1093 728 1185 799 utique
1199 728 1287 782 Patris
1301 738 1328 783 et
1349 729 1409 783 Filii
1427 738 1489 796 est,
1501 747 1608 787 necnon
1623 740 1650 787 et
1664 740 1767 789 noster.

150 793 239 849 VERS·
256 796 301 850 ²¹·
317 820 352 831 ··
362 791 476 848 0000000
488 794 543 848 000
554 808 604 864 W
614 794 769 850 0000000000
781 793 919 866 0000000·
968 813 1047 883 Quod
1061 814 1133 869 enim
1148 815 1240 870 datum
1251 824 1301 885 est,
1314 817 1395 872 etiam
1412 817 1447 874 ad
1460 820 1576 891 eumqni
1591 820 1666 875 dedit
1680 820 1767 876 refer·

118 883 206 938 mais
214 882 305 937 salvos
314 882 409 951 facere
419 880 575 937 eredentes.
585 881 616 935 Id
624 890 666 936 est
674 881 764 938 erneis
778 879 831 937 fide
839 890 919 938 aeter-
967 909 1020 970 mr,
1036 910 1064 958 et
1078 904 1113 958 ad
1124 919 1172 958 θος
1186 904 1381 974 quibusdedit.
1400 906 1494 978 mque
1519 907 1634 978 Spiritu,
1657 916 1768 965 sanctus

109 970 225 1026 utitem
255 967 400 1040 provenire
437 968 599 1023 mortalibus
617 985 624 1024 =
644 977 673 1025 ut
711 969 750 1025 ibi
772 969 848 1026 suus
869 985 918 1026 re·
967 1005 1022 1046 non
1039 992 1287 1047 lausannensis
1304 993 1427 1064 Filiiqui
1451 994 1594 1064 ueremni,
1623 996 1671 1051 ser
1685 996 1769 1052 exram

117 1058 265 1131 00000000,
281 1055 601 1113 00000010000000000·
966 1086 1061 1134 noster
1075 1080 1176 1152 estqui
1196 1081 1362 1150 accepimus.
1390 1082 1424 1135 Et
1448 1097 1504 1138 non
1528 1090 1570 1138 est
1589 1083 1641 1138 iste
1656 1083 1768 1154 spiritus

154 1146 242 1203 Vm·
259 1146 306 1203 2⁶·
323 1174 358 1185 ··
371 1144 464 1200 Videte
479 1146 566 1200 00000·
581 1144 652 1200 veie
667 1145 778 1200 0000000
797 1154 824 1202 00
838 1145 917 1202 infir·
967 1167 1098 1223 nosterin
1113 1183 1167 1239 quo
1189 1185 1283 1223 sumus
1301 1169 1385 1241 :quia
1404 1169 1462 1240 ipse
1488 1170 1600 1242 spiritus
1623 1178 1717 1227 noster
1738 1172 1768 1228 in

115 1250 193 1290 mum
209 1232 275 1304 00οι
292 1240 332 1288 000
347 1231 495 1304 0000000000
506 1241 532 1287 00
546 1231 643 1288 000000
662 1234 825 1290 0000000000·
839 1234 919 1304 0000
968 1271 1022 1328 quo
1035 1272 1130 1311 sumus
1145 1256 1204 1327 ipse
1219 1256 1331 1327 spiritus
1342 1264 1383 1312 est
1395 1257 1522 1324 hominis
1539 1259 1624 1329 quiin
1638 1259 1699 1331 ipso
1714 1267 1766 1315 est.

121 1323 151 1377 in
166 1322 246 1378 vohis
260 1321 375 1393 potestis
390 1320 515 1393 experiri.
540 1321 701 1392 insipientes
714 1323 786 1377 enim
802 1330 829 1377 et
842 1322 918 1378 infir·
968 1345 1001 1399 Ei
1016 1345 1105 1415 ipsum
1128 1352 1220 1400 xamen
1247 1343 1372 1416 spiritum
1388 1347 1434 1416 qui
1459 1345 1577 1401 hominis
1599 1354 1641 1403 est
1655 1348 1767 1421 aceepi-

115 1411 153 1465 mi
170 1425 221 1465 vos
236 1416 413 1479 vocaverunt,
429 1409 499 1464 inter
522 1409 604 1464 stulta
626 1418 653 1465 et
667 1408 770 1464 infirma
783 1411 833 1467 Dei
848 1427 917 1466 unu·
966 1449 1036 1486 mus·
1063 1433 1117 1488 Sed
1146 1433 1221 1488 apud
1244 1441 1285 1488 est
1306 1434 1379 1505 quod
1402 1434 1562 1505 accipimus,
1589 1444 1618 1490 m
1631 1452 1765 1504 essemus,

118 1498 216 1554 merati
233 1505 296 1552 sunt
310 1496 379 1552 tales
405 1503 559 1567 vocatores,
576 1496 622 1568 qui
637 1505 728 1552 tamen
749 1497 918 1554 confundunt
966 1520 1041 1575 apud
1055 1521 1129 1593 quod
1144 1523 1301 1592 accepimus
1326 1530 1356 1576 ut
1380 1524 1468 1579 sancti
1484 1540 1619 1580 essemus·
1649 1525 1767 1597 Spiritus

118 1586 260 1657 sapientes
269 1593 295 1640 et
306 1584 398 1640 fortes.
408 1586 441 1639 Et
451 1600 515 1640 vere
524 1591 587 1638 sunt
597 1582 915 1656 talesqninnonmalti.
967 1616 1058 1664 autem
1078 1609 1201 1665 hominis
1229 1609 1256 1664 in
1277 1610 1419 1680 Scriptura
1448 1612 1589 1682 accipitur,
1623 1630 1674 1684 pro
1705 1614 1767 1685 ipsa

116 1674 178 1730 Non
194 1682 285 1730 autem
300 1672 346 1739 ait,
364 1674 449 1737 nulli,
464 1672 559 1769 iorsan
574 1689 676 1743 prose,
697 1674 742 1745 qui
757 1673 832 1728 solus
845 1676 916 1729 inter
931 1697 1060 1768 Bam,
1081 1697 1125 1752 ,el
1148 1698 1233 1768 ipsius
1253 1698 1352 1753 anima,
1372 1700 1493 1770 potentia
1513 1701 1661 1756 rationalis·
1686 1701 1769 1757 oedip

116 1760 731 1834 ³P⁰S¹⁰¹0⁵⁸ae⁰1¹l³li¹¹mhstefflmmpesifflsr
748 1768 917 1818 0000000000
969 1785 1042 1841 enim
1060 1785 1139 1841 nobis
1154 1793 1280 1840 naturam
1294 1795 1322 1840 ut
1338 1789 1599 1855 essemrm,animam
1613 1797 1642 1844 ut
1656 1790 1767 1846 rivere·

118 1866 201 1921 00000
212 1850 299 1915 dives·
312 1850 442 1904 fl⁰ffl⁰¹¹ae
452 1849 739 1920 00800000000000010
753 1851 917 1922 0000000000
965 1889 1036 1942 mus,
1052 1881 1182 1940 mentem,
1198 1881 1227 1928 ut
1246 1873 1473 1945 intelligeremus.
1493 1879 1525 1934 tlt
1543 1879 1678 1934 sciamus.
1690 1877 1768 1933 Multi

120 1936 168 1993 0000
184 1955 191 1992 ²
213 1937 260 2009 000
275 1944 366 1992 000000
380 1936 438 1993 0030
452 1936 528 1990 nihili
540 1936 642 2007 00000οι
658 1952 710 1993 000
724 1954 790 1993 0000
811 1946 853 1993 000
866 1938 915 1994 000·
966 1961 1068 2016 habent
1082 1961 1155 2016 dona
1169 1962 1229 2032 Dei,
1247 1970 1273 2017 et
1288 1963 1436 2018 nesciendo
1461 1979 1478 2018 a
1508 1980 1561 2036 quo
1577 1965 1696 2020 habeant
1710 1965 1764 2020 im-

129 2114 134 2123 ·
156 2026 243 2081 Vm·
259 2027 304 2123 27·
317 2054 352 2123 ἦ
362 2025 414 2081 Sed
424 2026 599 2124 00000000οχ
614 2026 685 2081 0000
695 2033 797 2124 ,000100
811 2026 918 2082 000000·
966 2048 1012 2119 pia
1026 2050 1144 2105 vanitate
1156 2050 1304 2119 jactantur.
1319 2052 1407 2107 Nemo
1429 2051 1509 2107 donis
1525 2052 1576 2108 Dei
1590 2053 1697 2118 heatus,
1721 2052 1768 2125 qui

118 2122 220 2170 000010
235 2114 286 2169 000
300 2111 402 2168 00000οῑ
427 2120 529 2183 00000»
555 2128 619 2184 (1000
642 2123 804 2184 0000000000
826 2114 918 2170 00000
966 2136 1042 2192 danti
1057 2145 1099 2192 est
1120 2139 1253 2211 ingratus,
1276 2139 1349 2194 unde
1364 2139 1393 2194 in
1417 2140 1569 2213 Evangelio
1587 2159 1594 2194 ε
1611 2142 1766 2209 Qaihabat,

115 2203 231 2272 1000000.
247 2217 309 2257 0000
324 2202 399 2256 Deus
409 2200 586 2299 000000000οΠ0
603 2211 747 2273 00000000·
760 2202 918 2301 00000000
967 2226 1125 2282 dabitaret'.
1142 2227 1224 2282 Pione
1240 2227 1343 2282 habere
1359 2235 1400 2283 est
1420 2228 1491 2284 scire
1505 2229 1578 2284 unde
1595 2231 1704 2284 haheat.
1714 2230 1768 2298 Oai

119 2290 230 2346 humilis
244 2291 317 2345 Deus
332 2305 457 2361 quaerens
478 2289 606 2355 humiles,
623 2305 678 2344 non
693 2292 772 2346 altos.
799 2289 852 2359 Qui
867 2299 918 2346 etsi
967 2327 1030 2385 emo
1042 2329 1100 2370 mm
1115 2315 1207 2382 habet,
1232 2314 1259 2369 id
1281 2323 1331 2382 est,
1354 2317 1401 2387 qui
1417 2316 1503 2372 nescit
1527 2317 1599 2374 unde
1612 2318 1722 2386 habeat,
1738 2322 1768 2374 eg

118 2379 238 2451 primum
252 2377 365 2450 elegerit
379 2393 523 2448 pauperes,
550 2377 685 2445 indoctos,
705 2377 838 2445 infirmos,
863 2394 918 2435 non

121 2475 214 2523 tamen
233 2465 362 2538 relinquit
383 2465 530 2536 sepientes,
551 2465 659 2535 divites,
682 2466 797 2537 nobiles,
821 2468 871 2523 sed
895 2468 919 2524 si

120 2571 169 2611 eos
184 2555 289 2625 primos
314 2553 437 2627 eligeret,
462 2553 558 2608 merito
580 2553 672 2608 talium
693 2570 783 2609 rerum
799 2554 850 2609 sibi
877 2555 918 2611 ri·

118 2643 247 2699 derantur
257 2642 336 2715 eligi3
353 2641 430 2696 etita
443 2642 471 2695 in
485 2641 526 2696 eis
540 2650 613 2697 esset
629 2642 755 2712 superbia
775 2644 919 2714 quahomo

119 2731 228 2788 eeoidit.
244 2730 304 2786 Nisi
318 2728 438 2784 fideliter
448 2730 617 2800 praeeederet
633 2730 760 2800 piscator,
782 2746 838 2787 non
864 2733 918 2787 hu-

118 2820 190 2874 milis
205 2825 368 2890 sequeretur
382 2825 482 2872 orator.
502 2818 581 2874 Unde
594 2819 748 2874 Nathanael
769 2819 877 2891 doetus,
890 2820 919 2876 in

118 2907 271 2978 apostolum
286 2921 341 2962 non
356 2913 397 2961 est
407 2905 520 2961 electus.

153 2995 241 3051 Vens.
257 2998 302 3052 29.
315 2996 391 3051 -llt
401 3010 459 3051 non
468 2995 617 3065 plorieiur.
633 2995 674 3050 De
685 3010 723 3062 se,
741 2995 790 3050 sed
805 2996 839 3052 de
849 2997 916 3063 Deo,

121 3085 195 3157 quod
210 3084 248 3140 ibi
263 3082 415 3138 ostenditur
431 3099 438 3136 ι
455 3083 501 3155 qui
515 3083 656 3156 gloriatur,

122 3173 215 3230 rietur.

161 3261 245 3317 Vitas.
258 3263 302 3316 30.
318 3289 353 3301 -
368 3262 413 3317 Ea
427 3262 487 3332 ipso
505 3265 612 3316 antem
635 3261 698 3316 Non
712 3260 843 3334 glorietur
857 3262 919 3334 quis

122 3366 155 3406 ex
168 3366 208 3415 se,
225 3349 275 3405 sed
289 3357 380 3405 tamen
400 3357 441 3405 est
456 3349 511 3405 alia
524 3349 624 3422 gioria,
649 3350 711 3421 quia
739 3366 773 3407 ex
793 3351 854 3422 ipso
868 3366 918 3408 vos

121 3439 198 3494 estis.
633 3451 636 3456 ·

436 3568 550 3625 CAPUT
564 3569 597 3623 11.

155 3711 242 3766 Vsus.
259 3713 287 3766 2.
303 3740 338 3750 —
353 3710 414 3766 Non
424 3711 502 3765 enim
516 3710 651 3775 indicaui.
663 3708 809 3778 Quiminus
823 3709 919 3781 oapaoi

122 3799 218 3855 altiora
247 3798 376 3871 loquitur,
405 3813 460 3853 non
475 3797 627 3865 utilitatem,
640 3798 690 3852 sed
700 3799 742 3854 sui
756 3797 918 3854 ostentatio-

122 3903 184 3943 nem
197 3886 273 3943 lacit.

154 3977 241 4033 Vsus.
257 3976 486 4045 6.-Perfectos.
498 3974 560 4030 Non
568 3973 723 4047 cognitores
744 3974 917 4044 etdootores,

69 4119 72 4125 ,
120 4064 218 4136 quibus
232 4079 302 4135 opus
316 4078 372 4118 non
387 4070 438 4129 est,
452 4063 501 4117 sed
516 4063 655 4118 auditores
665 4064 724 4132 jam
739 4079 864 4135 eapaoes.

154 4153 240 4207 Vnus.
257 4154 283 4207 7.
310 4182 345 4191 -
373 4152 406 4206 io
427 4154 569 4223 mysterio.
593 4152 763 4222 Exponenda
791 4151 920 4224 mysteria

121 4240 227 4296 Veteris
242 4239 408 4295 Testamenti
432 4239 579 4310 inquibus
603 4239 727 4294 Christus
751 4239 919 4314 significatus

967 2403 1038 2473 qaod
1047 2402 1139 2470 habet,
1151 2406 1301 2474 auferetur
1310 2405 1344 2459 oh
1353 2420 1384 2461 eo
1403 2403 1482 2474 (iae.
1495 2405 1567 2476 vm).

1003 2508 1088 2563 Vens.
1106 2510 1370 2581 1³.—Spiritunlio.
1388 2508 1606 2578 QuodCorinthii
1619 2527 1676 2568 non
1689 2512 1767 2581 estis;

967 2596 1065 2651 etideo
1080 2596 1162 2669 culpa
1176 2605 1268 2654 vestra
1289 2605 1341 2667 est,
1366 2613 1421 2654 non
1444 2607 1550 2666 nostra,
1566 2600 1641 2671 quod
1661 2601 1768 2671 majora

967 2699 1022 2739 non
1036 2684 1162 2739 diximus.

1003 2788 1089 2842 Vsus.
1107 2788 1150 2842 tt.
1162 2817 1197 2828 -
1211 2789 1350 2845 Animalia
1361 2793 1457 2846 autem
1477 2791 1567 2848 homo.
1588 2790 1693 2847 Dicitur
1708 2790 1768 2848 ani·

967 2874 1045 2930 maiis
1061 2875 1143 2930 homo
1157 2876 1222 2942 vita,
1239 2876 1286 2947 qui
1299 2875 1387 2932 fertur
1400 2878 1533 2933 dissoluta
1544 2879 1658 2935 lascivia
1668 2880 1768 2937 animae

968 2979 1034 3030 suae,
1072 2979 1156 3034 quam
1180 2964 1253 3018 intra
1274 2966 1407 3020 naturalis
1429 2966 1533 3021 ordinis
1547 2976 1635 3023 metas
1658 2969 1770 3040 spiritus

673 3084 701 3138 in
722 3085 838 3141 Domino
862 3058 953 3159 gloc
968 3060 1060 3108 rector
1073 3068 1127 3107 non
1143 3053 1273 3121 eontinet,
1290 3069 1323 3109 eo
1338 3053 1412 3124 quod
1430 3054 1488 3126 ipse
1504 3057 1562 3111 Deo
1577 3058 1730 3128 regendum
1739 3071 1770 3115 se

967 3156 1021 3197 non
1036 3140 1154 3209 subjicit.
1168 3141 1259 3196 Animi
1273 3157 1340 3196 vero
1361 3157 1444 3197 sensu
1458 3143 1558 3199 dieitur
1572 3144 1708 3212 animalis,
1721 3143 1770 3218 qni

967 3230 1025 3284 Deo
1033 3228 1109 3298 juxta
1125 3244 1270 3300 corporum
1294 3230 1473 3300 phantasiam,
1498 3232 1541 3287 vel
1554 3233 1625 3306 legis
1639 3233 1767 3303 litteram,

966 3318 1010 3372 vel
1025 3317 1159 3375 rationem
1174 3318 1390 3388 philosophicam
1397 3320 1511 3388 judicat.
1525 3321 1595 3388 Quin
1606 3323 1769 3394 spirituali·

967 3409 1012 3462 ter
1021 3409 1216 3462 examinatur.
1234 3407 1367 3461 Animalia
1382 3424 1436 3463 non
1448 3416 1537 3479 potest
1547 3410 1701 3482 intelligere
1713 3409 1769 3482 spi·

966 3493 1083 3560 ritualia,
1100 3494 1162 3566 quia
1173 3495 1351 3560 examinatur,
1368 3495 1461 3562 idest,
1480 3498 1644 3554 examinatio
1655 3506 1682 3554 et
1692 3514 1768 3555 tom·

967 3581 1092 3652 probatio
1107 3581 1135 3635 lit
1159 3582 1267 3637 illorum
1290 3583 1483 3654 spiritualium,
1508 3593 1613 3641 tantum
1638 3586 1770 3658 spiritua·

966 3669 1037 3738 liter,
1052 3669 1080 3723 id
1105 3678 1155 3738 est,
1182 3685 1198 3725 e
1225 3671 1358 3742 spirituali
1380 3672 1500 3739 homine,
1521 3675 1705 3745 personaliter
1728 3676 1768 3732 le-

967 3757 1041 3828 gitur
1056 3775 1064 3812 :
1079 3757 1258 3814 examinatur.
1277 3759 1325 3814 Vel
1339 3759 1377 3814 ita
1388 3777 1395 3814 :
1407 3760 1540 3815 Animalia
1563 3778 1617 3818 non
1641 3763 1770 3837 intelligit

967 3845 1130 3917 spiritualia,
1143 3846 1207 3917 quia
1231 3846 1417 3917 spiritualiter,
1435 3848 1462 3903 id
1481 3857 1531 3915 est,
1551 3865 1600 3922 per
1614 3849 1767 3922 spiritualia

968 3940 1072 3989 tantum
1100 3934 1232 4005 probatur
1253 3935 1325 4007 quod
1354 3936 1481 3991 animalis
1496 3944 1558 4008 est,
1589 3938 1652 4010 quia
1675 3938 1770 3995 audita

968 4021 1113 4092 improbat,
1130 4029 1157 4078 et
1171 4023 1271 4078 nouob
1298 4023 1371 4079 aliud
1394 4023 1420 4080 ei
1434 4033 1634 4097 proponuntur,
1662 4026 1716 4083 nisi
1738 4035 1768 4083 ut

969 4110 1147 4167 examinetur.
1491 4112 1496 4120 '

1003 4225 1088 4282 Vsns.
1107 4227 1192 4280 ta.-
1205 4226 1370 4298 spiritualis
1380 4230 1579 4287 summissae.
1594 4230 1644 4285 Est
1654 4229 1699 4287 vel
1713 4228 1769 4288 vita

120 4335 171 4398 est,
188 4336 218 4382 u,
233 4327 262 4382 in
276 4327 363 4383 hostia
372 4327 450 4392 Abel,
467 4327 510 4383 vel
524 4328 650 4384 Abram..
662 4329 727 4396 ΟΜ
743 4329 917 4386 αρδωῃάηα,
968 4313 1011 4369 vel
1022 4313 1155 4369 seientia:
1176 4314 1325 4386 spiritualis
1349 4324 1390 4372 est
1416 4317 1480 4385 vita,
1506 4317 1552 4390 qui
1568 4317 1693 4390 spiritum
1714 4318 1768 4376 Do·

122 4414 194 4486 Quia
208 4431 264 4472 non
286 4415 387 4480 verbis,
403 4414 452 4471 sed
479 4416 507 4470 in
527 4415 625 4471 virtute
642 4433 649 4470 :
666 4432 720 4472 non
734 4417 851 4472 humana
870 4433 915 4472 m.
928 4412 955 4473 Β
969 4400 1035 4456 mini
1044 4403 1147 4457 hahens
1162 4411 1305 4474 reatorem,
1321 4404 1438 4460 animam
1457 4405 1548 4478 regit;
1574 4404 1686 4461 seientia
1696 4422 1763 4463 vero

119 4505 193 4562 tione
207 4504 473 4576 comprehensibilis,
500 4505 549 4561 sed
565 4505 678 4577 spiritus
692 4504 813 4562 efficacia
826 4506 935 4580 credi-¹
971 4490 1120 4562 00000000
1135 4491 1243 4563 00001οῑ,
1259 4491 1310 4547 0000
1327 4500 1447 4564 0000000
1461 4500 1488 4548 00
1502 4493 1706 4564 00001000οῙ0οὶ
1721 4493 1765 4582 00·

120 4591 193 4648 bius·
966 4579 1022 4646 det,
1037 4587 1128 4634 tamen
1138 4578 1172 4634 de
1183 4594 1216 4635 eo
1232 4580 1384 4635 seeundum
1394 4580 1529 4653 hnagines
1545 4596 1704 4654 corporum,
1719 4578 1763 4640 vel

154 4680 240 4736 Vm·
257 4686 283 4736 8·
308 4709 344 4721 -
359 4682 388 4739 35
406 4682 484 4736 ,mim
502 4683 704 4753 coquom-ssent·
724 4683 775 4738 pel
797 4683 918 4739 minores
968 4667 1037 4740 legis
1053 4667 1179 4733 litteram,
1195 4668 1238 4724 vei
1253 4669 1399 4723 humanam
1420 4667 1620 4741 philosophiam
1647 4687 1702 4727 nou
1719 4685 1777 4737 sar

119 4768 195 4824 illum
205 4785 267 4825 esse
282 4769 410 4824 hassiam
426 4769 453 4823 in
466 4769 529 4841 lege
543 4768 718 4840 promissum,
735 4771 779 4826 vel
799 4771 918 4841 majores
967 4756 1016 4828 Piis
1033 4756 1081 4812 000
1094 4756 1210 4827 spiritui·
1222 4757 1421 4826 0000010000
1433 4757 1583 4815 0000000000
1597 4774 1630 4815 00
1644 4758 1763 4817 fideliler

39 4916 45 4924 .
121 4858 209 4913 Deum
223 4873 295 4926 esse,
319 4857 363 4913 vel
378 4857 428 4913 Dei
451 4858 548 4913 Filium
574 4875 581 4911 :
608 4875 755 4931 namnam
767 4860 918 4917 Dominum
965 4844 1078 4914 judicat.
1098 4844 1208 4899 dranis.
1223 4845 1286 4900 Non
1300 4843 1409 4916 quidem
1423 4846 1550 4902 universa
1565 4862 1626 4918 quae
1641 4847 1761 4905 eontinet

119 4947 216 5018 plorioe
224 4946 450 5015 macifiaeissent.

154 5051 241 5107 Vsus.
257 5055 284 5106 9.
298 5080 334 5093 -
345 5053 400 5108 Neo
417 5052 449 5107 in
467 5068 516 5109 cor
534 5052 667 5108 hominis.
684 5052 757 5108 infra
770 5052 918 5110 eorhomi·

120 5139 163 5194 nis
176 5146 219 5194 est
243 5140 316 5212 quod
336 5140 364 5194 in
386 5154 436 5196 eor
450 5140 591 5208 aseendit,
620 5156 703 5212 super
722 5157 770 5197 cor
781 5149 822 5198 est
835 5148 918 5198 aeter·

119 5242 185 5283 num
199 5228 234 5282 ed
248 5228 321 5300 quod
336 5243 384 5284 oor
398 5228 530 5284 aseendit.
546 5227 596 5284 Vel
615 5244 670 5284 non
695 5230 843 5296 esthemo,
869 5231 918 5286 sed

120 5314 232 5387 spiritus
246 5315 293 5389 qui
320 5316 404 5371 novit.
421 5317 563 5372 Ascendit.
588 5317 642 5372 Res
657 5317 757 5372 dieitur
779 5319 808 5372 in
835 5318 918 5375 corde

121 5404 281 5473 ascendere,
298 5405 405 5476 quando
420 5405 490 5460 hene
505 5405 640 5461 intellecta
653 5405 752 5476 placet.

156 5492 242 5549 Vens.
261 5495 303 5547 10.
319 5523 354 5532 -
369 5493 529 5559 Scrutatur,
546 5501 598 5549 eto.
615 5493 736 5550 Serutari
751 5493 849 5550 dicitur
859 5494 917 5566 spi-

120 5581 185 5638 ritns
200 5579 251 5638 Dei
264 5580 367 5648 omnia,
387 5595 442 5636 non
454 5589 486 5636 nt
506 5581 580 5654 quod
595 5581 690 5651 nescit,
716 5582 847 5652 inveniat,
868 5583 919 5640 sed

281 5694 404 5754 Parnon.
420 5694 516 5754 CXIV.

967 4932 1059 4988 divina
1073 4932 1196 4998 scientie,
1209 4934 1258 4989 sed
1273 4950 1333 5006 quae
1346 4934 1523 5004 adjustitiam
1542 4943 1570 4992 et
1583 4935 1668 4992 uitam
1687 4935 1761 4992 suffi-

967 5019 1051 5089 ciunt,
1066 5020 1094 5077 id
1109 5027 1160 5089 est,
1177 5021 1269 5078 omnia
1280 5021 1439 5091 judicanda.

1273 5189 1386 5249 CAPUT
1401 5191 1448 5246 111.

1001 5312 1086 5369 Vsus.
1111 5316 1137 5369 2.
1158 5341 1193 5354 ·-
1211 5313 1308 5370 Adhuc
1327 5316 1406 5370 enim
1424 5316 1564 5374 camales.
1593 5317 1690 5390 arguit
1711 5331 1759 5374 eos

967 5400 1013 5472 qui
1028 5400 1212 5472 querebantur
1224 5416 1253 5456 se
1266 5401 1369 5456 dudum
1383 5419 1438 5458 non
1462 5403 1573 5460 audisse
1596 5404 1757 5476 spiritualia,

965 5505 1027 5545 curn
1037 5488 1127 5544 adhue
1142 5487 1247 5561 indigni
1262 5497 1353 5545 essent
1367 5490 1473 5549 andire.

1003 5577 1126 5635 Misictri
1152 5579 1224 5649 ejas.
1249 5577 1344 5650 (dna.)
1366 5579 1453 5639 Homo
1475 5581 1594 5638 exterius
1621 5578 1758 5638 ministrat

1549 5703 1584 5756 17
