3772 6112
107 216 178 270 scer
273 186 278 194 ’
497 229 499 232 >
532 208 667 269 vassus
695 210 732 267 m
758 210 975 281 spumosum
998 210 1148 268 astario
1174 210 1283 267 anm.
1684 215 1758 275 sess

149 335 333 408 Gloriaqnarn
343 335 452 390 Domini
467 334 624 391 continuata
638 335 700 406 pii?

112 426 275 481 Hanesacer
289 422 423 479 adventus
437 423 538 479 Christi
548 422 647 480 rirtute
662 423 774 494 potenti,

148 512 230 568 Auxit
242 512 270 567 in
285 511 412 568 affectum
427 511 602 583 laetitiamqne
619 526 726 566 noram.

113 601 250 657 Paruulus
264 600 311 656 ille
317 600 428 672 quidem
441 600 529 656 carnis
543 599 579 654 de
593 607 671 670 parte
686 608 799 656 uocatus

153 689 276 746 Grandia
289 688 447 746 nominibus
462 704 509 744 sex
523 694 550 743 et
560 688 652 759 opima
670 695 753 744 tenet.

118 778 209 836 Fortis
223 786 250 834 et
260 777 319 850 ipso
334 778 419 843 Deus,
432 776 565 832 mirabilis
578 783 605 832 et
613 784 690 847 pater
701 776 753 832 uvi
766 783 808 832 est

146 867 276 933 Alterius,
288 865 373 938 pacis,
390 865 553 938 consiliique
569 873 677 936 potens.

113 955 179 1027 lpse
194 955 240 1026 pio
249 954 323 1010 vires
336 953 483 1026 divinaque
498 967 611 1008 munera
626 952 684 1025 regi

148 1043 182 1098 Et
198 1042 304 1099 clarum
322 1049 430 1098 aeterno
444 1040 620 1112 temporedet
634 1040 770 1097 columen.
820 1081 823 1102 .

113 1130 214 1187 Pacem
227 1129 342 1187 consilio
357 1128 436 1186 faeiat
449 1129 567 1185 retinere
582 1128 688 1184 salubri

150 1218 239 1288 Quem
254 1217 316 1289 pari
330 1225 441 1273 aetemae
455 1216 669 1289 muneribusque
683 1225 771 1289 parat.

114 1307 166 1364 ilic
179 1322 229 1362 ros
243 1305 411 1363 cumuestris
419 1305 543 1377 repetitis
559 1304 657 1376 saepius
671 1305 750 1359 annis

146 1395 210 1451 llaec
225 1395 261 1450 ad
275 1395 345 1451 leste
365 1395 439 1450 Deus
453 1395 585 1465 provehat
603 1392 767 1449 incolumes.

374 1514 474 1556 tobim
487 1513 631 1555 AUGUSTAE.

925 334 953 395 A
965 332 1058 407 Incipe
1072 333 1145 407 qnod
1161 333 1272 390 uadem
1285 334 1417 390 maturior
1430 335 1538 405 expleat
1552 343 1618 391 astas

1001 421 1081 491 Quod
1096 423 1186 495 primo
1200 422 1357 479 imbiberint
1371 438 1447 493 vasa,
1463 423 1580 494 sapiunt.

963 511 1090 581 llajestas
1103 511 1151 566 tibi
1166 519 1262 568 cuncta
1278 510 1327 567 Dei
1343 511 1389 567 det
1403 526 1539 582 prospera
1552 528 1662 584 semper

1000 600 1034 654 Et
1046 599 1108 655 vita
1122 609 1232 656 aetemae
1245 599 1419 657 duloiadona
1437 597 1517 656 leret.

1133 727 1284 770 aurumne
1299 712 1455 787 [utrumne]
1464 728 1586 772 sauram.

964 818 993 875 Si
1007 817 1119 875 condire
1132 833 1209 875 meos
1219 817 1308 874 meliis
1322 818 1466 876 dulcedine
1481 836 1589 886 versus,

1001 906 1101 962 Sancte
1116 914 1201 978 pater,
1218 922 1339 978 possem,
1356 907 1400 963 rel
1414 908 1544 964 decorare
1554 909 1637 987 rosis,

963 992 1026 1050 Non
1040 995 1100 1051 haee
1113 1009 1213 1066 pompa
1227 1003 1317 1050 tamma
1328 995 1464 1069 condigna
1479 996 1613 1053 nitoribus
1628 1006 1710 1070 esset,

1001 1081 1077 1152 Quos
1090 1098 1197 1138 morum
1212 1091 1238 1138 et
1253 1091 1351 1139 sensus
1365 1099 1427 1140 curn
1442 1085 1575 1156 probitate
1590 1086 1675 1158 geris.

964 1179 998 1235 Et
1011 1187 1086 1235 tanto
1099 1196 1143 1235 me
1157 1189 1249 1236 vestra
1262 1181 1372 1254 quidem
1388 1180 1530 1238 clementia
1544 1181 1620 1240 cultu

1001 1267 1136 1340 Suscepit,
1154 1277 1285 1341 quantum
1299 1270 1485 1341 promeruisse
1504 1271 1595 1328 velim.

965 1354 1009 1412 Nil
1019 1357 1129 1422 servivi,
1145 1357 1182 1411 nil
1199 1358 1296 1424 merui,
1309 1366 1398 1413 tomen
1414 1374 1479 1416 ecce
1498 1368 1609 1431 repente

1001 1445 1140 1501 Immerito
1150 1454 1305 1517 assumptus
1320 1463 1431 1519 pauper,
1449 1449 1553 1504 honore
1568 1447 1654 1506 fruor.

964 1532 1001 1589 Et
1014 1532 1097 1600 fruar,
1108 1549 1140 1590 ac
1155 1542 1244 1590 vestra
1256 1535 1391 1605 jucunder
1404 1550 1471 1607 pace
1484 1553 1535 1608 per
1543 1553 1643 1605 aarum,

112 1608 198 1665 Multa
225 1605 336 1681 quidem
362 1605 475 1662 Veniunt
490 1605 594 1662 meritis
609 1620 663 1662 noll
692 1603 783 1661 debilfl
811 1605 915 1662 milis
1000 1622 1034 1678 Εῑ
1048 1621 1102 1677 vita
1112 1630 1138 1678 el
1152 1622 1267 1691 meritis,
1284 1631 1367 1696 atque
1382 1622 1470 1682 salute
1484 1639 1573 1690 sam,

151 1693 219 1765 Quas
233 1694 368 1768 probitate
382 1708 433 1750 sua
445 1709 497 1750 ans
509 1693 625 1750 hilarare
640 1702 751 1767 queant.

114 1785 204 1841 Pauca
215 1783 366 1840 sinisterius
381 1788 508 1856 torquent
522 1791 615 1839 tamen
630 1782 713 1838 obvia
722 1781 818 1838 flatum

152 1870 236 1942 Qaeis
251 1872 353 1945 aliquot
367 1871 445 1927 vobis
459 1887 504 1928 me
514 1871 644 1928 reticente
655 1878 756 1942 patent.

920 1686 949 1748 Β
965 1711 1146 1782 compensare
1162 1709 1211 1765 tibi
1226 1711 1303 1766 nulla
1316 1728 1365 1783 pro
1379 1719 1456 1784 parte
1470 1713 1543 1786 quod
1558 1721 1648 1773 aotam
1659 1713 1711 1788 {est

1000 1797 1119 1866 Subicio,
1135 1799 1268 1856 Dominus
1282 1799 1332 1858 sed
1347 1800 1493 1858 retributor
1505 1801 1567 1858 erit.

965 1885 1048 1956 Ctrjus
1061 1886 1096 1943 ob
1111 1885 1235 1944 intuitum
1249 1903 1310 1956 nec,
1326 1904 1387 1956 uos,
1403 1905 1455 1947 nec
1470 1898 1564 1947 nostra
1577 1889 1682 1949 rideris

113 1959 177 2017 Non
191 1961 291 2016 horum
305 1967 459 2016 extremum
473 1967 524 2026 est,
536 1958 609 2032 quod
624 1958 799 2029 nullisjussio
813 1965 915 2016 memet
999 1975 1158 2048 nespjceae,
1171 1976 1269 2033 affectu
1278 1977 1326 2035 sed
1337 1977 1460 2035 tolerare
1469 1978 1524 2050 pio,

149 2049 245 2105 Vestra
260 2047 424 2120 ligatcausis
440 2048 468 2103 in
475 2047 548 2120 quod
562 2047 662 2103 adesse
675 2048 766 2103 datur.

114 2135 282 2193 Nonlaciem
289 2136 379 2201 video,
396 2151 451 2191 non
458 2135 555 2192 haurio
568 2136 664 2202 verba,
681 2134 731 2190 sed
745 2134 817 2191 inter

964 2062 1032 2120 Sum
1046 2072 1221 2137 quapmpter,
1238 2081 1324 2138 ernqu
1335 2082 1372 2123 ex
1398 2073 1455 2124 toto
1468 2066 1552 2125 eorde
1569 2066 1658 2127 fidelis

1000 2151 1086 2208 Vobis
1100 2161 1127 2209 et
1141 2153 1240 2209 vestris
1255 2161 1362 2226 tempus
1376 2153 1403 2210 in
1418 2170 1499 2212 omne
1514 2156 1589 2212 satis.

151 2224 234 2296 Spem
244 2224 339 2281 dubito
347 2231 429 2295 atque
439 2222 759 2295 metom‚displieeaman
767 2223 915 2295 placeam?
964 2237 1097 2309 obsecro,
1113 2255 1207 2311 posco,
1223 2242 1448 2313 pr000r‚1)0mini
1464 2245 1598 2315 proaemio
1611 2254 1718 2303 cosma

116 2312 237 2369 Gouscia
252 2313 336 2369 corda
349 2320 442 2368 tamen
456 2311 530 2378 fidei,
546 2313 658 2384 votique
668 2309 759 2368 lidelis

151 2402 214 2457 Non
227 2401 378 2472 desperare
384 2415 428 2456 me
442 2399 556 2456 meliora
566 2400 675 2457 docent.

117 2487 239 2547 Sufficiat
253 2486 450 2561 prefixafioes,
466 2489 550 2544 orabo
565 2487 639 2560 quod
648 2487 708 2560 ipse

152 2578 289 2634 Hactenus
303 2576 425 2642 orabam,
442 2591 558 2648 quaeque
571 2575 688 2647 petenda
703 2591 775 2632 reor.

116 2664 189 2732 vita,
204 2664 341 2738 praesidio,
353 2679 422 2736 pace
432 2671 458 2719 et
473 2663 603 2718 solamine
619 2664 730 2731 Christi,

151 2754 207 2808 Vos
218 2761 380 2824 vestrosque
389 2751 471 2807 simul
486 2751 630 2822 tempasin
646 2765 729 2807 omne
739 2750 803 2806 lrui.

119 2841 246 2898 Pronma
260 2848 418 2897 sanctorum
432 2839 506 2912 quod
520 2855 571 2896 nos
578 2839 705 2911 perfecta
719 2838 824 2895 dierum

152 2929 261 2986 Plenius
275 2937 385 2985 acturos
399 2928 538 2985 credimus
548 2927 717 2983 etvolumns.

164 3076 201 3118 nn
211 3076 278 3118 ossa
288 3076 408 3118 nunna
423 3076 476 3116 aaa
487 3075 562 3124 ouon
571 3074 729 3117 anauscuaa
744 3075 855 3130 aaran,

296 3146 325 3187 n.
341 3145 540 3188 manaaroseu
550 3146 719 3187 auoovscou.

115 3237 231 3296 Arboris
245 3237 372 3294 estaltrix
384 3237 523 3311 quondam
537 3236 647 3310 vagina,
666 3235 793 3294 medullas

150 3325 225 3381 Tibia
239 3341 354 3399 germen
369 3325 460 3392 babet,
477 3341 595 3397 nemque
608 3325 709 3381 bonam
720 3339 802 3380 omen
816 3325 875 3381 erit.

116 3411 197 3483 Quod
211 3422 304 3470 cortex
319 3414 432 3470 humore
447 3420 531 3485 caret,
547 3412 621 3484 quod
636 3412 730 3469 durior
739 3412 798 3485 ipse
813 3418 855 3469 ost

89 3494 93 3499 ⁴
151 3501 258 3558 Robere
267 3502 408 3572 miramur,
423 3501 486 3557 talis
500 3501 529 3556 in
542 3517 606 3557 osse
620 3500 710 3574 vigor.

113 3589 169 3655 Nil,
186 3590 287 3660 Cesar,
303 3589 456 3662 tibimaqne
469 3596 548 3645 uacat
562 3589 839 3646 venabereDanrrnas

151 3675 267 3734 Ossibus
281 3692 315 3735 er
325 3693 440 3750 querum
464 3675 535 3733 silua
548 3676 661 3746 oriemr,
679 3691 740 3733 ave.

353 3798 391 3839 tn
404 3797 533 3839 CAROLUH
549 3797 686 3838 JUVBNEN.

114 3888 367 3962 Natuaeteqregie,
383 3896 410 3946 et
424 3888 499 3947 cultu
516 3888 731 3954 nutritnsberili,

153 3979 235 4035 Disce
247 3978 313 4051 quid
325 3977 428 4035 auctori
443 3977 575 4034 retribuas
590 3977 715 4035 Domino.

114 4066 229 4124 iustitiae
243 4066 329 4123 virtus
343 4065 439 4138 primis
452 4066 592 4123 adolescat
605 4065 641 4122 ab
656 4065 746 4132 anais,

153 4155 369 4228 Tecumquehoc
384 4169 449 4210 sana
463 4162 554 4211 mente
569 4162 695 4212 senescat
710 4169 779 4228 opas

116 4245 159 4300 De
171 4243 272 4316 pietate
286 4243 370 4314 patris
383 4241 483 4315 potius,
499 4258 584 4315 quam
595 4248 739 4299 stemmate
753 4242 832 4318 requi

153 4332 326 4403 Degenerare
340 4329 395 4386 ulla
401 4330 555 4388 conditione
565 4330 638 4387 time.

116 4419 147 4478 Si
161 4418 316 4477 recolamus
329 4427 550 4493 arosatavosque
560 4426 589 4475 et
603 4434 706 4492 magna
720 4417 845 4491 priorum

152 4507 279 4577 Nomina,
294 4517 351 4564 tum
366 4507 455 4564 solum
468 4506 591 4581 proderit
604 4507 663 4564 haec
676 4507 772 4565 series.

116 4595 146 4653 Si
156 4612 235 4653 sacra
248 4595 377 4652 nobilitas
391 4596 505 4668 pulchro
520 4597 690 4670 spectamine
704 4612 810 4654 mamm

153 4684 268 4756 Fulgeat
277 4683 397 4741 exclusis
411 4683 525 4741 inscitia
537 4683 655 4743 nebulis.

115 4772 243 4830 Gaudeat
254 4788 433 4846 ergosequax
449 4771 615 4829 famulorum
629 4773 711 4830 turba
726 4781 836 4830 tuorum

151 4860 227 4931 Quos
241 4869 322 4918 tantm
334 4860 419 4919 reficit
430 4860 531 4917 indolis
545 4861 708 4934 auspicium.

116 4949 189 5006 Nam
202 4949 318 5006 nihilest
332 4950 405 5023 quod
419 4949 506 5006 adhuc
520 4948 647 5007 felicibus
657 4944 753 5008 avocet
762 4950 852 5018 annis,

152 5037 249 5096 Omnia
263 5054 378 5112 queque
392 5039 570 5112 geris,·spem
583 5037 684 5096 iaciunt
706 5038 815 5096 animis.

117 5126 323 5185 Pormadecore
338 5128 437 5194 nitens,
453 5127 613 5202 animasque
627 5128 754 5199 capacior
768 5142 837 5195 sevo,

154 5215 190 5271 Et
203 5216 276 5290 quod
289 5215 451 5289 precipuum
464 5223 515 5283 est,
530 5216 605 5272 aelus
618 5231 748 5289 amorque
763 5216 823 5274 Dei.

298 5663 417 5722 Parnon.
438 5663 540 5723 exit.

999 2327 1034 2383 Ut
1048 2335 1131 2402 tegat,
1143 2336 1224 2401 atque
1239 2337 1327 2400 regat,
1343 2328 1443 2396 firmet,
1460 2330 1564 2398 inaltet,
1580 2340 1664 2390 amet.

1039 2476 1196 2518 uamaaaoo
1208 2479 1221 2507 ⁸
1233 2476 1366 2519 BPlSCDPD
1381 2477 1411 2519 ili
1425 2478 1552 2521 PBRSDNA
1562 2479 1672 2522 CARDU.

963 2566 1025 2623 Non
1038 2567 1165 2623 minimas
1174 2577 1275 2640 grates,
1285 2585 1341 2624 non
1353 2585 1437 2641 parva
1449 2571 1603 2642 rependere
1618 2570 1699 2630 tantia

999 2654 1115 2710 Praemia
1129 2671 1179 2710 nos
1193 2654 1297 2713 meritis
1312 2656 1392 2724 aelle,
1408 2658 1566 2730 Heribalde,
1576 2665 1666 2731 putes.

963 2739 1043 2811 Quod
1058 2743 1250 2800 tremebundus
1264 2745 1299 2799 ad
1313 2745 1366 2803 hoc
1379 2755 1473 2804 nostro
1487 2763 1542 2804 noa
1556 2746 1650 2820 saquis
1661 2749 1755 2807 honori

998 2829 1143 2886 litterulas
1156 2830 1238 2904 pleno
1252 2832 1334 2888 mittis
1348 2849 1440 2891 amore
1454 2833 1524 2891 litas.

962 2917 1021 2973 lam
1034 2919 1169 2990 completa
1183 2919 1293 2992 quidem
1303 2922 1427 2979 testantis
1440 2923 1526 2979 verba
1537 2922 1682 2997 Propheta

927 3040 952 3103 C
997 3005 1140 3074 Nouimus,
1157 3006 1254 3064 effectu
1264 3009 1313 3065 sed
1328 3010 1441 3082 repetita
1456 3025 1537 3070 novo.

965 3093 1001 3150 Et
1018 3093 1092 3150 venit
1103 3095 1137 3150 ad
1147 3095 1291 3152 Domim
1309 3096 1429 3154 laudatio
1443 3098 1526 3171 plena
1534 3088 1650 3169 timoris,

999 3185 1103 3239 Aurum
1117 3183 1168 3240 lert
1179 3184 1287 3258 Aquilo,
1303 3184 1407 3258 frigore
1417 3203 1491 3259 ssepe
1504 3188 1608 3259 rigens.
1674 3188 1679 3197 “

965 3270 1078 3328 Pectore
1093 3268 1195 3344 quippe
1209 3280 1266 3340 tuo,
1282 3273 1407 3330 dammas
1420 3275 1519 3333 ardere
1529 3276 1637 3348 priores

999 3359 1103 3416 Iudicat
1117 3358 1264 3433 moulan,
1280 3369 1415 3434 quamtus
1429 3363 1531 3434 scripte
1544 3371 1655 3438 gemat.

964 3445 1073 3518 thuia
1087 3446 1142 3503 scis
1155 3456 1276 3502 nostmm
1287 3449 1362 3518 justo
1376 3450 1563 3508 moderamine
1577 3468 1655 3509 mora

1000 3534 1115 3590 Parcere
1131 3535 1269 3604 subiectis,
1286 3544 1314 3592 et
1323 3535 1441 3594 tolerare
1453 3537 1551 3595 malos.

964 3621 1013 3678 llis
1027 3621 1075 3677 tibi
1084 3638 1133 3694 pro
1143 3621 1234 3688 donis,
1250 3623 1400 3680 reddentur
1414 3640 1529 3681 munera
1543 3626 1620 3698 plura

998 3709 1086 3779 Quam
1099 3710 1148 3766 tibi
1161 3710 1283 3782 pertidiae
1297 3710 1372 3769 lucra
1387 3711 1494 3768 tulisset
1507 3728 1584 3769 amor
1640 3740 1642 3745 v

966 3797 995 3855 st
1010 3813 1092 3872 quam
1105 3799 1192 3855 dubis
1205 3799 1269 3870 inis,
1283 3808 1339 3856 tam
1349 3800 1437 3857 dulcis
1447 3800 1476 3857 in
1492 3800 1591 3857 extima
1612 3800 1710 3858 tendas

1001 3886 1036 3942 lli
1050 3886 1166 3945 dulcedo
1181 3896 1236 3954 tua,
1252 3887 1359 3946 dulcior
1372 3905 1461 3962 usque
1474 3897 1576 3946 manet.

965 3974 1048 4032 Disce
1061 3976 1164 4049 gradus
1177 3976 1300 4034 stabilire
1310 3985 1381 4045 tuos,
1396 3993 1432 4034 ne
1445 3977 1564 4050 pendula
1579 3991 1674 4036 rursus

1000 4063 1112 4131 Semita,
1129 4079 1258 4121 saxosum
1273 4065 1446 4140 digrediatur
1459 4066 1511 4124 iter

966 4152 1080 4209 Faustus
1089 4153 1117 4209 in
1131 4153 1242 4226 antiqno
1253 4153 1312 4224 jam
1326 4155 1404 4212 disca
1418 4170 1566 4213 senescms
1580 4156 1646 4213 nido

1000 4240 1095 4298 Donec
1109 4240 1163 4298 vite
1176 4248 1251 4316 tegat
1264 4242 1382 4300 cmdida
1395 4243 1490 4317 pluma
1500 4251 1591 4316 caput.

967 4329 1035 4387 Tam
1048 4328 1139 4388 febres
1153 4330 1303 4404 tussimque
1316 4347 1440 4405 gravem.
1454 4321 1619 4407 turpemque
1627 4333 1719 4408 poda-

1001 4507 1170 4580 Perpetiens,
1186 4507 1287 4565 laribus
1301 4509 1457 4567 immoriere
1472 4509 1535 4568 tols.

966 4596 1031 4654 llaeo
1049 4605 1157 4669 optasse
1171 4595 1220 4652 tibi
1233 4597 1342 4670 signum
1352 4606 1394 4655 est
1409 4596 1576 4657 redamantis
1590 4599 1672 4658 amini

1001 4685 1051 4742 Vel
1064 4683 1138 4741 mitis
1151 4684 1263 4757 domini,
1279 4685 1323 4743 rel
1336 4685 1466 4759 patientis
1481 4686 1551 4744 lteri.

966 4773 1009 4830 Sis
1019 4772 1082 4830 felia
1096 4773 1252 4847 nostrisque
1265 4773 1337 4832 scias
1350 4782 1395 4832 tua
1408 4774 1540 4833 cordibus
1552 4783 1615 4848 apte

999 4862 1076 4920 Seria
1085 4861 1224 4935 permistis
1239 4862 1436 4936 complacuisse
1447 4864 1529 4934 jocis.

965 4951 1070 5023 Sepias
1084 4952 1170 5008 hocce
1179 4967 1289 5024 gerens,
1303 4952 1410 5009 animos
1422 4951 1561 5026 perpende
1589 4950 1697 5024 fideles,

999 5042 1087 5112 Atque
1097 5039 1240 5097 uoluntatis
1256 5048 1350 5098 mutua
1356 5040 1433 5099 disee
1447 5056 1525 5099 meae.

964 5128 1093 5202 Indigeas
1107 5128 1242 5202 quotiens,
1257 5129 1337 5186 toties
1350 5146 1400 5203 per
1413 5130 1495 5188 areola
1509 5130 1600 5191 valeto

1001 5216 1055 5273 Sed
1070 5233 1208 5291 nunquam
1222 5217 1310 5275 nostri
1323 5217 1467 5278 immemor
1476 5234 1538 5278 essa
1551 5220 1630 5280 ralis.

144 5419 231 5468 srutt
249 5419 385 5479 spiscopus
412 5419 651 5473 anomtoiorensls3
676 5418 708 5467 ad
733 5429 808 5478 quem
836 5419 938 5479 scripsit
965 5419 1089 5477 tabanos,
1118 5431 1176 5471 cam
1207 5433 1257 5481 quo
1285 5384 1438 5474 recensetur¹
1460 5424 1528 5476 lntsr
1553 5422 1761 5476 surconntstss.

119 5500 195 5548 assu.
903 5508 906 5515 ’
1310 5520 1313 5524 ’

1456 5666 1573 5720 .³li
