3772 6112
284 286 287 292 ·
400 244 537 304 GLOSSA
551 243 756 303 oaontanta.
772 271 808 284 -
821 239 888 298 ΠΒ.
907 242 1052 301 ΑΟΤῙΙΙΙΜ
1067 243 1188 301 APOST.
1591 246 1643 305 ili

100 372 123 448 .)
135 371 333 445 Mesopotamia
346 381 373 428 et
387 372 518 427 charram
533 371 561 426 in
574 370 704 428 Chaldaea
718 375 791 440 suat,
806 370 871 432 Aet
894 369 957 443 quia
982 369 1103 425 libertati
1127 375 1299 426 successerat
1322 369 1449 439 servitus,
1474 370 1557 428 Jacob
1581 384 1644 428 cum

97 463 237 537 opotamia
253 462 498 535 transmigrantis
513 460 656 517 Charram.
841 459 974 532 progenie
988 459 1165 515 descendisse
1180 459 1208 514 in
1222 460 1368 532 AEgyptum
1383 459 1491 516 dicitur.

97 590 112 634 t.
123 579 196 634 3.-
211 579 246 634 ht
260 576 347 643 dicit,
366 584 418 632 etc.
442 577 473 631 ln
488 574 588 632 Genesi
604 574 712 631 videtur
726 590 791 630 con·
877 575 962 630 vrrs.
980 578 1023 631 lo.
1040 605 1075 615 —
1095 576 1247 631 Transisti.
1270 575 1363 648 (Mna).
1381 576 1434 632 Per
1448 574 1640 649 synecdochen

97 666 162 741 [uod
175 673 236 738 post
250 665 461 737 mortempatris
472 665 513 720 sui
529 665 635 721 locutus
646 670 687 720 est
698 663 791 719 Domi·
841 661 969 719 deantur
984 663 1105 719 translati
1128 673 1243 736 propter
1261 664 1373 736 loseph,
1398 664 1441 722 cui
1454 664 1549 736 Jacob,
1574 672 1639 732 ete,

97 755 174 811 rabac
189 755 235 827 qui
250 755 277 809 iu
293 754 397 810 Charra
412 761 536 809 mortuus
551 761 602 823 ost,
619 753 665 808 ubi
680 768 743 808 cum
757 768 791 809 eo
841 768 927 825 usquc
945 752 991 820 ad,
1005 754 1086 808 Ferte
1101 770 1163 810 oasa
1178 769 1241 809 mea
1255 753 1321 810 hine
1343 754 1483 811 uobiscum
1502 752 1583 824 (Gen.
1600 753 1637 824 c).

96 842 215 899 abitavit.
233 843 287 899 Sed
302 843 464 915 priusquam
477 843 506 897 in
520 841 628 897 civitate
643 841 787 912 habitaret,
876 841 986 913 (Banu.)
1001 841 1041 896 De
1057 841 1115 897 solo
1130 842 1232 913 Josoph
1254 842 1396 913 Scriptura
1420 849 1543 911 testatur,
1567 842 1641 914 quod

96 939 140 990 set
154 931 184 987 io
198 932 404 1003 Mesopotamia,
422 932 525 986 dictum
539 939 580 986 est
594 931 638 987 ei:
840 943 902 984 ossa
917 930 984 999 ejus,
1002 939 1066 999 etc,
1081 947 1167 1002 capue
1181 931 1219 987 ad
1233 930 1375 986 duodecim
1399 931 1562 1002 patriarcha
1580 945 1636 987 aon

96 1020 130 1078 de
146 1024 224 1078 terra
250 1025 310 1089 iac,
335 1027 388 1076 etc.
412 1020 524 1075 Terram
549 1026 576 1074 et
599 1020 790 1092 cognationem
840 1017 1153 1090 suntsepultiindrbo,
1171 1019 1262 1075 sedin
1281 1020 1399 1076 Sichcm.

96 1107 322 1166 eraldaeorum
345 1108 469 1181 patriam,
495 1124 637 1181 genusque
661 1108 786 1179 appellat,
875 1110 911 1162 Et
916 1109 1004 1180 posili
1012 1111 1091 1176 runi,
1104 1115 1156 1163 etc.
1169 1107 1261 1179 (aas.)
1271 1109 1357 1164 Docet
1368 1108 1484 1165 Genesis
1493 1107 1632 1164 Abraham

96 1212 129 1254 tn
142 1198 254 1266 exierat,
266 1198 371 1270 degens
381 1197 464 1252 modo
473 1197 501 1251 in
511 1197 723 1267 Mesopotamia3
740 1196 790 1253 sed
839 1196 874 1250 ab
889 1196 1003 1267 Ephron
1012 1194 1068 1250 filio
1078 1196 1146 1251 Seor
1156 1196 1252 1266 Ethaei,
1265 1205 1329 1266 etc,
1341 1214 1428 1270 usqae
1439 1196 1475 1254 ad
1481 1212 1532 1255 nec
1539 1196 1637 1268 Moysi,

95 1286 236 1344 tenebatur
251 1302 300 1357 spe
317 1293 343 1343 et
359 1286 496 1342 desiderio
511 1285 654 1353 redeundi,
677 1292 704 1341 et
726 1285 789 1341 ideo
839 1298 891 1341 nec
906 1285 1022 1340 llomino
1038 1285 1142 1341 servire
1156 1285 1310 1342 uoluerunt.

102 1376 160 1433 Exi
174 1376 207 1433 dc
223 1379 301 1432 terra
316 1379 344 1432 ci
368 1375 401 1432 dc
425 1377 592 1448 cognatione
607 1378 677 1443 tua,·
691 1390 747 1430 non
760 1381 789 1430 ut
874 1374 906 1429 ln
922 1374 1060 1447 sepulcro,
1078 1381 1130 1429 etc.
1147 1374 1205 1430 Hoc
1219 1375 1254 1429 de
1269 1374 1328 1431 solo
1343 1375 1438 1443 Jacob,
1448 1377 1523 1447 cuius
1538 1391 1639 1449 corpus

102 1464 261 1521 extraheret
283 1463 435 1535 (quodiam
451 1463 573 1534 lecerat),
599 1463 648 1520 sed
666 1479 788 1521 amorem
839 1461 886 1518 lilii
900 1460 935 1518 da
947 1463 1064 1535 digypto
1078 1463 1203 1519 tollentes
1217 1463 1385 1534 sepelierunt
1399 1464 1427 1518 in
1442 1464 1571 1536 spelunca
1586 1466 1639 1521 du-

95 1551 231 1610 erelleret.
839 1550 912 1623 plici,
927 1550 974 1606 ubi
988 1551 1123 1606 Abraham
1137 1568 1199 1608 cnm
1216 1552 1283 1608 Sara
1299 1553 1421 1624 sepultus
1437 1562 1488 1624 est,
1514 1563 1540 1610 et
1564 1554 1640 1612 lsaao

96 1640 119 1716 .)
132 1641 255 1698 Tertium
271 1641 425 1713 Stephanus
444 1641 626 1713 pretermisit,
642 1639 735 1711 idest,
760 1644 788 1696 ci
839 1655 901 1696 cum
916 1639 1043 1697 Rebecca
1060 1657 1066 1695 :
1083 1648 1109 1696 et
1121 1641 1159 1695 ibi
1174 1641 1222 1696 Lia
1246 1641 1354 1697 condita
1369 1650 1432 1698 est:
1450 1642 1522 1700 unde
1544 1643 1639 1701 civitas

95 1732 219 1804 epatris
230 1732 274 1786 tui
285 1749 295 1786 :
305 1729 379 1802 quod
389 1729 489 1786 iactum
504 1738 545 1786 est
554 1729 784 1803 propternimiam
796 1730 823 1789 B
837 1727 882 1783 illa
896 1736 1008 1785 vocatur
1023 1730 1143 1799 Hebron,
1168 1730 1195 1785 id
1210 1738 1252 1785 ost
1266 1730 1433 1804 coniugium,
1459 1731 1521 1803 quia
1544 1739 1637 1804 patres

94 1818 218 1891 peritiam
232 1818 276 1874 vel
290 1819 464 1891 imperitiam.
833 1817 948 1874 ibicum
963 1818 1127 1892 conjugibus
1142 1819 1240 1889 sepulti
1255 1829 1328 1875 sunt.
1349 1820 1425 1875 Duas
1439 1828 1528 1877 autem
1543 1821 1632 1878 histo·

96 1974 105 1990 ο
121 1935 149 1991 g·
166 1962 201 1978 „
219 1935 294 1991 Tum
310 1936 384 1992 mg,
411 1942 463 1990 etc·
480 1933 575 2006 (lm.)
589 1933 630 1990 De
645 1933 684 1992 Ur
698 1932 782 1989 Chal·
834 1905 890 1962 rias
905 1904 1055 1974 confundit,
1071 1915 1098 1962 et
1113 1907 1227 1962 alteram
1240 1908 1318 1963 alteri
1333 1908 1462 1980 implicat.
1482 1910 1544 1965 Non
1559 1909 1632 1965 caim

94 2038 107 2079 g
120 2021 257 2079 Abraham
272 2022 364 2079 exivit.
382 1976 430 2090 ᾖ,
448 2031 513 2093 ew,
529 2038 616 2096 usque
632 2023 783 2080 amomo
833 1993 928 2095 afiliis
942 1996 1028 2095 Emor
1042 1995 1105 2096 liliis
1119 1996 1227 2096 Sichcm
1242 1995 1307 2098 emit
1321 1997 1469 2067 Abraham,
1487 1998 1536 2054 sed
1550 1998 1637 2054 Jacob

832 2084 866 2140 ab
882 2085 935 2140 tllls
944 2093 1008 2141 emit
1020 2085 1147 2156 Srehem;
1163 2086 1226 2141 ideo
1237 2101 1276 2142 sic
1284 2088 1453 2160 pungendum
1465 2095 1506 2143 est
1519 2105 1525 2143 :
1538 2087 1637 2143 Trans-

94 2109 177 2168 ictum
192 2118 233 2167 est
248 2111 273 2167 ei
290 2130 296 2166 :
313 2114 368 2169 lici
382 2112 415 2169 dc
433 2117 509 2170 terra
524 2116 584 2182 ica,
602 2120 655 2169 etc.
874 2174 875 2178 ,
1033 2174 1038 2185 Ι
1198 2174 1212 2186 ..
1373 2175 1388 2186 ..
1428 2176 1433 2186 Ι

94 2217 105 2255 r
118 2204 190 2275 ejas,
206 2208 258 2258 etc.
274 2200 339 2273 (lo.)
355 2202 434 2258 Redit
455 2202 489 2258 ad
512 2202 646 2276 originem
670 2202 781 2276 generis
827 2172 877 2244 ,latr
894 2173 998 2229 suntin
1012 2173 1121 2230 Sichcm
1136 2190 1152 2229 a
1166 2173 1229 2230 filus
1243 2175 1328 2230 Emer
1341 2174 1390 2230 filu
1406 2177 1517 2233 Sichcm
1533 2195 1539 2230 :
1556 2176 1633 2249 quasi

94 2295 122 2347 at
136 2289 263 2347 amicitiae
277 2290 376 2347 divinae
391 2291 542 2358 exordium,
570 2299 599 2347 ut
616 2291 684 2347 nihil
706 2308 780 2364 prae-

93 2378 154 2441 itin
169 2395 223 2452 quo
238 2380 428 2452 blasphemare
443 2380 578 2437 videatur.

93 2468 227 2527 talitatis.
243 2470 315 2524 Dixit
330 2484 388 2538 ros,
404 2485 458 2525 non
472 2485 540 2526 vero
563 2486 624 2539 nos,
650 2471 712 2542 quia
723 2470 780 2540 jam

93 2557 183 2617 amodo
196 2558 312 2629 apostoli
327 2567 425 2615 terram
439 2558 614 2631 reliquerant,
626 2566 653 2616 et
668 2560 780 2632 Stepha-

93 2645 176 2717 ijam
190 2648 269 2720 quasi
284 2647 312 2702 in
325 2655 413 2704 morte
426 2648 532 2721 positus
548 2656 617 2704 erat.

831 2262 979 2333 diceretur,
995 2263 1024 2318 in
1040 2263 1149 2319 Sichcm
1164 2263 1238 2318 illam
1258 2279 1341 2335 quam
1355 2264 1420 2320 emit
1440 2264 1526 2321 Jacob
1540 2280 1556 2320 a
1571 2262 1634 2321 fihrs

830 2351 916 2408 Emor
929 2350 977 2407 filii
992 2351 1111 2408 Sichcm.
1138 2354 1169 2406 ln
1184 2352 1286 2410 Genesi
1306 2353 1406 2425 legitur
1430 2354 1538 2410 Sichcm
1560 2352 1632 2410 filius

830 2439 915 2496 fuisse
929 2441 1024 2508 Emor,
1034 2441 1106 2496 unde
1115 2448 1209 2512 putant
1219 2442 1328 2514 quidam
1337 2441 1406 2498 duos
1417 2441 1500 2498 luisse
1511 2443 1633 2514 Sichcm,

830 2544 947 2601 quornm
969 2529 1038 2586 alter
1060 2547 1076 2585 a
1098 2531 1170 2586 Luca
1188 2531 1288 2586 dicitur
1312 2539 1388 2602 pater
1408 2532 1503 2602 Emor,
1528 2532 1598 2588 alter
1617 2547 1634 2590 tt

830 2618 932 2675 Genesi
946 2616 1031 2676 lilius.
1060 2618 1174 2689 Quidam
1187 2621 1305 2694 jungunt
1319 2619 1481 2692 principium
1506 2629 1533 2676 et
1548 2620 1631 2679 finem

829 2709 976 2776 sermonis,
992 2708 1126 2776 dieentes,
1143 2725 1159 2764 a
1174 2707 1236 2764 liliis
1252 2708 1372 2776 Sichcm,
1384 2716 1411 2766 et
1425 2715 1487 2781 post
1497 2709 1629 2782 inierunt,

92 2804 100 2821 ·
116 2763 144 2819 ⁶·
156 2793 191 2804 “
207 2763 277 2831 Quia
292 2765 347 2863 “if
362 2780 467 2833 ΜΨ
485 2771 537 2820 ⁰⁸⁰·
551 2764 778 2836 (Bmle'it‘l
828 2797 913 2854 Emor
927 2794 984 2864 lilii,
1001 2805 1029 2853 ut
1042 2797 1087 2854 hic
1103 2797 1179 2854 locus
1194 2805 1328 2871 congrum
1342 2797 1453 2855 Genesi.

92 2851 185 2909 andum
199 2860 250 2922 est,
268 2868 346 2925 quasi
361 2853 433 2909 male
448 2852 630 2924 tractandum,
647 2862 712 2922 etc,
727 2871 777 2912 us-

92 2939 158 3012 sive,
175 2941 203 2996 in
219 2948 293 2996 terra
307 2941 446 3012 chanaan,
463 2943 520 2999 sive
536 2943 564 2998 in
579 2943 705 3015 AEgypto.

92 3045 102 3089 r
116 3029 343 3105 quadringentis.
355 3031 449 3103 (lira.)
464 3031 508 3087 Sic
523 3039 564 3087 est
577 3030 749 3104 jungendum
766 3052 772 3091 :

104 3125 170 3190 etc,
187 3136 273 3193 usqae
288 3121 324 3176 ad
340 3120 374 3176 ad
384 3120 603 3178 distributionem
618 3129 698 3178 terrea
711 3138 776 3193 pro·

92 3206 117 3265 is
131 3208 283 3279 completus
298 3216 348 3264 est.
827 3269 925 3326 demur

91 3354 99 3372 '
120 3316 148 3371 7'
168 3315 358 3415 fluam
381 3315 446 3388 (¹⁰)
469 3317 604 3420 JUdffflum
626 3317 775 3390 ³¹¹q¹¹³¹¹d⁰
861 3359 947 3414 Vsus.
962 3342 1053 3417 20.ss
1069 3360 1171 3418 Graias
1185 3362 1250 3426 Deo,
1263 3367 1315 3417 etc.
1328 3357 1454 3417 Ostendit
1464 3361 1561 3419 beatus
1571 3360 1628 3419 Sle·

91 3417 171 3463 mm
186 3404 332 3478 ⁸¹g⁰¹fi⁰³t'
344 3412 372 3460 m
387 3406 424 3460 ¹b¹
440 3448 447 3460 ’
464 3408 563 3464 mm
577 3423 630 3507 ’,Μ’
647 3409 729 3480 ”ml
746 3414 776 3466 ‘t
825 3448 933 3519 phanus
948 3448 1021 3520 quod
1036 3449 1144 3520 Moyses
1158 3465 1213 3505 non
1226 3449 1467 3521 blasphemaverit.

91 3509 232 3615 {mmm
247 3510 339 3597 ineam
353 3495 440 3564 (pm
452 3495 531 3567 mo·
549 3496 702 3569 Al¹q¹¹⁰¹¹d⁰
717 3513 775 3572 poe‘
861 3537 946 3592 Vana.
965 3539 1010 3595 22.
1027 3568 1062 3579 -
1077 3538 1188 3611 Moyses.
1212 3539 1305 3611 (aaa.)
1326 3539 1435 3611 Moyses
1457 3538 1530 3595 idem
1552 3537 1625 3598 valet

91 3620 94 3636 '
111 3584 235 3642 'mma
249 3585 324 3651 Μ’
340 3587 414 3641 ΒΜ
429 3586 517 3657 (pm
533 3587 571 3664 Ψ·
824 3626 899 3698 quod
913 3627 1072 3699 aquaticas,
1097 3627 1159 3698 quia
1183 3628 1217 3682 de
1231 3642 1300 3700 aqua
1324 3634 1366 3682 est
1388 3634 1554 3699 assumptus,
1579 3626 1623 3684 vel

90 3741 96 3756 ·
115 3703 142 3757 ⁸·
162 3729 197 3740 ·
221 3701 431 3757 Testamentum
449 3703 685 3761 circumcisionis·
708 3704 774 3777 (ln.)
826 3715 940 3783 liniens,
956 3713 1019 3787 quia
1032 3714 1157 3771 inventus
1172 3722 1214 3770 est
1228 3715 1256 3769 in
1281 3713 1396 3782 fiscella,
1421 3715 1553 3771 bitumine
1567 3714 1623 3772 lita.

90 3787 149 3845 sive
164 3789 272 3863 signum
287 3790 349 3845 ideo
364 3793 473 3857 sacrum,
490 3799 519 3846 ur
533 3791 651 3864 popurus
675 3793 770 3862 lsrael,
823 3804 932 3874 Moyses
948 3809 1029 3875 typus
1043 3812 1084 3864 est
1099 3802 1257 3870 silvatoris,
1275 3803 1330 3876 qui,
1356 3819 1489 3876 percusso
1503 3803 1622 3876 amolo,

90 3893 144 3953 quc
158 3878 195 3934 ad
214 3879 338 3951 signatur
353 3878 490 3935 vitandam
514 3897 576 3937 esse
596 3881 772 3951 jactationem
823 3908 912 3966 genus
927 3907 1006 3947 suum
1021 3891 1157 3949 liberavit.

90 3982 112 4023 Β
126 3967 334 4025 cifcufflsslsiffle
351 3969 476 4040 siliritali.
859 3982 943 4037 Vsus.
959 3983 1004 4040 24.
1017 4011 1052 4021 -
1067 3981 1223 4038 l'indicavit
1237 3983 1332 4050 iliam,
1344 3990 1397 4040 etc.
1407 3981 1532 4040 Ostendit
1545 3981 1623 4039 illum

90 4060 176 4115 ΜΟ·
193 4057 287 4129 (aaa.)
298 4057 366 4114 00¹0
380 4059 643 4131 (lielfflSfflySltrissm
658 4061 773 4118 circum·
823 4070 870 4142 qui
884 4070 1011 4140 injuriam
1026 4069 1142 4126 iaciebat
1157 4086 1212 4127 non
1227 4088 1288 4128 esse
1303 4071 1337 4126 de
1352 4087 1455 4145 genere
1470 4088 1530 4128 suo.

97 4152 201 4202 nostrae
226 4147 387 4212 ostenditur,
413 4149 458 4218 qui
483 4165 532 4219 pei·
555 4157 676 4205 octavam
701 4152 771 4208 Novi
859 4160 944 4215 Vana.
960 4161 1005 4215 26.
1023 4189 1058 4200 -·
1073 4161 1213 4233 Apparuit
1235 4162 1305 4216 iiiia.
1322 4160 1415 4233 (Mna.)
1438 4160 1484 4218 Sic
1498 4159 1622 4217 Christus

89 4233 137 4290 ³⁰¹3
152 4235 225 4306 (tluae
239 4235 267 4289 5¹¹
291 4236 491 4291 Γθὸΰΐΐθῦίῑῡῡθ
514 4238 632 4304 ὓθῐΰίῐὶί,
659 4246 685 4295 ei
709 4248 771 4297 0⁶1⁰
821 4256 884 4320 post
899 4247 1089 4304 ascensionem
1099 4249 1282 4321 appamitper
1292 4250 1439 4322 apostolos,
1452 4249 1622 4324 litigantibus

89 4321 183 4379 inibus
197 4323 362 4396 continetur)
374 4340 390 4379 a
403 4325 475 4380 vitiis
489 4334 585 4384 octava
597 4327 641 4383 die
657 4328 772 4385 circum·
821 4335 922 4392 Judaeis
937 4345 964 4394 et
978 4335 1132 4393 infidelibus
1148 4338 1193 4410 qni
1208 4339 1374 4394 resistebant
1387 4339 1527 4410 apostolis.

776 4464 804 4527 D
859 4451 943 4507 Vens.
954 4454 999 4511 at.
1011 4484 1045 4494 —
1054 4454 1121 4521 Quis
1132 4457 1159 4509 te
1169 4455 1329 4522 constituit,
1341 4463 1393 4511 etc.
1405 4453 1490 4523 Quasi
1504 4470 1619 4527 respon·

107 4530 134 4584 9.
150 4557 185 4570 -
202 4529 393 4586 Vendideram
407 4532 438 4586 in
458 4533 617 4605 AEgyptum.
644 4533 766 4590 Breviter
819 4539 881 4595 deal
895 4543 1004 4614 Moyses
1021 4561 1027 4598 :
1043 4543 1151 4608 Nullus,
1168 4544 1234 4599 sed:
1247 4543 1327 4598 Solus
1341 4544 1498 4599 Deus.N0n
1514 4552 1555 4601 est
1568 4560 1618 4617 po·

96 4617 193 4672 transit
209 4620 243 4673 ad
254 4618 345 4689 tinam,
358 4637 412 4675 non
429 4622 500 4676 anim
516 4622 605 4692 primo
620 4623 764 4696 AEgyptiis,
818 4637 901 4686 testas
927 4629 980 4687 nisi
992 4647 1008 4687 a
1022 4632 1089 4688 Deo.
1116 4632 1185 4687 ilinc
1208 4633 1262 4688 tale
1287 4649 1303 4686 a
1326 4632 1433 4689 Christo
1454 4649 1618 4706 responsum

88 4704 174 4762 aelitis
190 4709 412 4779 negotiatoribus,
429 4718 455 4765 et
471 4712 625 4767 Madianilis
640 4713 766 4768 venditus
817 4719 930 4792 quidam
945 4728 1106 4792 acceperat:
1121 4721 1241 4790 Oborno,
1258 4723 1320 4795 qaia
1328 4724 1616 4797 meconaiiiuitjadi-

88 4793 315 4851 ffilffldldssfflflt
339 4814 401 4853 ⁰⁰⁰¹
422 4799 450 4851 ist
474 4801 618 4872 AEgyptum
634 4801 765 4873 puliphar
816 4825 877 4866 cem
893 4814 945 4866 cat
960 4810 1110 4866 divisorem
1129 4826 1214 4883 super
1239 4828 1284 4868 uos
1308 4812 1387 4884 (loc.
1414 4813 1482 4882 xiil?
1507 4813 1573 4881 Quis
1589 4818 1616 4870 te

88 4882 115 4939 ii·
817 4901 1048 4967 constituerere.
1074 4901 1105 4954 ln
1120 4899 1293 4956 contentione
1317 4917 1366 4956 sua
1390 4900 1452 4957 illos
1473 4901 1614 4976 redarguit

100 5000 185 5056 ll-
200 5000 232 5056 ln
247 5003 406 5059 animabus.
424 5005 481 5061 Hoc
498 5007 647 5063 seeundum
664 5007 763 5064 editio·
811 4986 870 5055 J'am
885 4995 949 5044 lunc
963 4986 1019 5059 legi
1032 4996 1059 5044 θῑ
1074 4989 1160 5061 M⁰isl
1176 4987 1258 5044 fnisse
1274 4989 1435 5045 θθῦῑΐθΐῑθῦ·

88 5090 225 5163 ptuaginta
254 5091 430 5162 interpretum
456 5095 564 5152 dicitur.
595 5098 625 5151 ln
648 5098 763 5154 llebraeo
853 5104 995 5163 vensi&
1012 5135 1047 5145 —
1061 5106 1204 5180 Nunquid,
1221 5113 1272 5163 etc.
1289 5105 1405 5175 Quidam
1429 5114 1524 5180 putant
1538 5107 1613 5166 illum

88 5186 139 5235 nta
151 5186 252 5234 tantum
268 5183 451 5250 reperiuntur.
815 5193 862 5266 qui
877 5192 1007 5249 defensus
1021 5202 1062 5249 est
1077 5211 1109 5250 ex
1125 5195 1162 5249 ira
1178 5211 1237 5250 rem
1252 5195 1409 5266 protulisse.

87 5282 92 5323 r
111 5268 140 5325 Si
153 5269 238 5325 Jacob
254 5280 280 5324 ct
295 5271 397 5342 ioseph
422 5290 483 5328 cum
507 5275 614 5330 duobus
631 5275 693 5331 filiis
709 5293 764 5333 non
851 5285 988 5341 vanata
999 5314 1034 5324 —
1045 5287 1136 5357 Fugit.
1147 5284 1254 5356 Moyses
1267 5284 1336 5359 sugit
1350 5286 1377 5343 in
1392 5286 1511 5355 Madian,
1523 5286 1611 5357 idest,

87 5364 151 5427 rtur,
168 5366 233 5424 ete,
249 5377 336 5433 usquc
351 5363 387 5417 od
403 5379 484 5433 «piram
500 5381 548 5434 pro
570 5366 702 5423 llobraica
717 5383 763 5423 ve·
815 5373 939 5430 Christus
953 5373 981 5429 in
995 5381 1102 5448 gentes.
1389 5385 1396 5398 ·

87 5461 213 5503 monem
229 5466 307 5504 surim
323 5460 480 5523 suspectum
496 5453 596 5509 lacere.

863 2912 949 2969 Vana.
964 2915 1007 2968 te.
1023 2941 1058 2955 -
1072 2914 1131 2970 llcc
1144 2913 1228 2969 alias.
1241 2912 1298 2969 ilex
1312 2913 1363 2969 iste
1377 2911 1502 2969 diabolus
1516 2919 1571 2983 est,
1583 2912 1631 2986 qui

828 2994 997 3058 effeminatos
1012 3001 1110 3076 diligit,
1121 3002 1257 3059 masculos
1271 3002 1338 3059 odit.

787 3096 813 3160 c
864 3091 950 3147 Vsus.
976 3095 1019 3148 te.
1034 3121 1069 3132 —
1084 3091 1175 3149 Gerros
1191 3096 1331 3161 nostram,
1349 3100 1401 3150 etc.
1417 3092 1628 3151 Patresnostros
1649 3109 1653 3113 ·

828 3179 902 3249 dicit,
917 3188 953 3251 et,
969 3196 1057 3255 genus
1072 3190 1205 3248 nostrum,
1221 3197 1256 3236 ae
1271 3189 1363 3253 patres
1378 3182 1569 3254 blasphemare
1585 3181 1628 3240 vi·

850 5491 935 5546 Vens.
952 5493 996 5545 30.
1012 5519 1047 5530 -
1057 5490 1089 5545 ln
1104 5490 1169 5562 igne
1181 5491 1314 5560 flamme,
1331 5498 1382 5546 etc.
1405 5491 1481 5565 ignis
1495 5491 1523 5546 in
1538 5492 1607 5547 ruho

96 5565 230 5621 aa-ht
248 5567 400 5624 descendit.
419 5569 574 5625 Secundum
589 5571 669 5625 situm
685 5571 762 5628 loco·
813 5578 928 5649 Spiritus
944 5585 1061 5648 sanctus,
1087 5587 1197 5650 peccata
1216 5579 1310 5652 populi
1334 5580 1410 5652 quasi
1430 5580 1523 5652 spinoe,
1548 5579 1611 5650 qaia

86 5656 278 5715 cemusestde
288 5659 762 5737 terrapromissionisiuAEgyptum,
813 5666 896 5727 ardor
911 5667 1028 5743 Spiritus
1043 5667 1130 5728 sanch
1143 5676 1257 5742 peccata
1270 5668 1342 5728 illius
1362 5667 1456 5743 populi
1470 5681 1526 5725 non
1539 5680 1608 5726 con-
