3772 6112
421 253 558 313 uLossn
576 252 781 314 omanis.
801 286 836 298 -
854 253 990 314 EVANG.
1012 255 1112 315 toln.
1539 261 1592 317 390

92 386 143 436 snt
156 379 203 452 qtri
217 378 331 436 dimisso
346 379 419 435 malo
432 378 601 437 infidelitatis
623 379 781 444 transis-A
795 381 874 439 citius
898 381 1019 438 exituros
1043 397 1126 454 quam
1152 381 1228 453 plura
1256 381 1481 455 interrogaturos.
1508 384 1593 440 Docet

92 467 161 525 lem.
794 480 884 527 autem
899 487 950 527 uos
965 471 1035 528 sicin
1054 478 1079 527 et
1094 477 1156 526 ante
1185 470 1380 528 correctionem
1409 470 1529 541 sinnius,
1557 471 1595 526 ite

92 559 128 615 itt.
142 587 178 599 -
187 557 322 630 Nnnqnid
331 557 549 630 exprincipibus
564 558 677 631 clipeis,
690 565 743 612 etc.
795 568 888 632 etpost
902 576 958 617 uon
984 559 1060 632 ipsos
1073 559 1211 616 humiliter
1224 559 1399 634 investigare,
1414 577 1449 616 ne
1463 559 1536 615 idem
1550 558 1595 617 vel

92 647 212 722 allegem
231 656 409 704 contemnunt
422 663 485 703 eum
500 647 546 719 qui
555 646 628 702 misit
643 646 744 719 legem,
795 649 870 705 aliud
885 649 972 706 simile
986 649 1014 705 in
1028 649 1108 705 nobis
1123 649 1166 705 sit.

92 752 127 794 on
140 736 385 810 noverantlegem,
412 736 527 792 credunt
554 736 582 789 in
610 752 674 791 eum
700 734 748 808 qui
832 737 916 794 Vnae.
930 741 972 794 11.
989 768 1024 779 -
1038 739 1093 795 Nec
1107 754 1156 811 epo
1177 740 1205 794 tc
1223 736 1421 797 condemnabo.
1449 737 1504 794 Sed
1531 736 1596 810 quia

92 840 141 894 em,
168 833 197 880 ut
218 825 364 897 impleatur
390 825 462 896 quod
490 823 590 880 dicitur
607 841 614 878 τ
632 826 667 882 tit
689 837 747 879 non
796 834 904 898 poterat
918 826 1014 883 timere
1042 843 1077 883 ne
1091 826 1142 882 iste
1168 825 1213 898 qui
1237 825 1296 882 sine
1323 834 1436 898 peccato
1464 834 1506 883 est
1533 841 1595 883 eam
1657 814 1663 825 ⁹

92 904 218 981 nidenan
235 918 264 970 et
276 914 404 970 videntes
419 914 487 970 coeci
496 913 569 983 fiant
584 912 676 984 (ioan.
693 911 746 984 tx).
797 915 912 988 puniret,
929 915 995 973 dicit
1017 915 1052 984 ei,
1083 923 1111 971 ut
1138 914 1294 972 misericors
1322 915 1457 987 praeterita
1483 922 1596 987 peccata

92 1004 176 1059 tl.-
189 1002 322 1075 Nnnqaid
338 1000 660 1072 iec.Quiailliperversi
674 998 749 1057 vole-
799 1004 936 1061 dimittens
953 1005 1026 1061 :Nec
1041 1020 1089 1077 epo
1118 1008 1144 1060 ie
1167 1004 1364 1071 condemnabo,
1389 1012 1418 1059 ut
1442 1003 1533 1074 justus
1562 1019 1597 1059 ne

92 1106 185 1148 nesse
200 1091 376 1147 damnatores
391 1106 472 1162 quam
500 1086 672 1161 cognitorch
698 1089 750 1144 iste
799 1093 914 1165 amplius
923 1100 1019 1165 peccet
1030 1091 1203 1149 interdicens.

92 1178 152 1237 tbat
163 1180 237 1252 quod
251 1180 275 1234 si
288 1180 423 1250 patienter
443 1194 507 1234 eum
520 1186 684 1249 praesentem
698 1193 749 1232 nu·
834 1182 921 1242 Vens.
938 1184 982 1239 la.
997 1212 1032 1223 -
1041 1183 1148 1238 lteram
1164 1198 1236 1255 erpo.
1251 1180 1378 1253 Repulsis
1407 1180 1596 1250 tentatoribus,

92 1283 162 1325 trsan
186 1275 278 1324 essent
302 1268 405 1323 similes
433 1267 565 1322 ministris
580 1267 625 1338 qui
643 1265 750 1322 metue-
800 1278 896 1327 sanata
909 1269 990 1343 culpa
1002 1270 1133 1338 mulieris,
1151 1270 1272 1343 apertius
1286 1269 1378 1325 subdit
1392 1269 1597 1343 quidpossitcx

92 1357 147 1415 lere
161 1374 243 1430 quem
267 1366 371 1413 tenere.
398 1356 566 1413 Auctoritate
589 1371 665 1429 ergo.
681 1354 752 1426 legis
800 1359 954 1429 Divinitate,
985 1376 1020 1415 ne
1048 1359 1188 1432 ambigant
1214 1359 1249 1414 de
1279 1375 1312 1414 eo
1339 1358 1496 1415 hominean
1510 1357 1599 1431 possit

92 1446 224 1511 educere,
242 1454 271 1501 ut
285 1461 349 1502 eum
360 1445 435 1516 prius
451 1445 536 1502 velint
548 1443 653 1500 audire.
800 1456 913 1520 peecata
927 1446 1072 1504 dimittere.
1088 1450 1143 1521 llpo
1159 1465 1223 1505 snm
1238 1448 1291 1503 lnce
1306 1447 1417 1503 mnndi.
1434 1445 1502 1516 Quae
1526 1446 1598 1503 nube

92 1538 134 1605 bi,
150 1539 194 1591 53.
207 1535 468 1591 -EitnGaliioens
483 1549 521 1599 cs,
537 1540 590 1589 etc.
600 1535 636 1588 bt
648 1533 753 1588 reversi
802 1536 893 1592 carnis
908 1536 1016 1609 tegitur,
1033 1545 1061 1592 et
1078 1537 1118 1594 sic
1134 1536 1278 1592 telorando
1296 1534 1451 1592 hominibus
1471 1534 1598 1606 officitur,

92 1665 100 1680 .
130 1623 261 1680 Galilaeus
290 1623 431 1679 dicebatur
456 1624 546 1692 lesus,
570 1621 699 1694 quoniam
718 1620 753 1676 de
801 1625 873 1681 unde
886 1632 1160 1697 etpeccatapossum
1188 1624 1324 1681 dimittere
1348 1632 1375 1681 et
1402 1624 1483 1680 etiam
1513 1623 1601 1681 homi-

103 1721 183 1771 erant
196 1720 325 1784 parentes
338 1712 410 1781 ejus.
765 1730 867 1805 Bnem
881 1712 1043 1771 illuminare.

839 1802 924 1858 Vens.
941 1805 985 1857 13.
1002 1831 1038 1843 -·
1056 1804 1268 1859 Testimonium.
1297 1801 1393 1856 Putant
1410 1817 1466 1857 non
1481 1802 1600 1858 creden-

251 1879 363 1935 CAPUT
386 1878 457 1935 Vlll·
803 1890 867 1946 dum
877 1890 914 1949 ei.
930 1888 1033 1960 Quasi:
1050 1890 1130 1946 Solus
1139 1891 1173 1946 de
1188 1906 1218 1946 se
1233 1897 1345 1945 testatur
1359 1889 1433 1945 obliti
1444 1890 1601 1962 praemissa-

710 2020 712 2024 .
804 1996 865 2034 rum
877 1978 1059 2046 lucernarum,
1075 1986 1103 2035 et
1116 1979 1201 2051 ipsius
1213 1978 1324 2035 ioannis
1347 1978 1483 2050 baptistae,
1500 1979 1548 2051 qui
1568 1979 1602 2037 de

93 2050 107 2103 1
122 2077 158 2090 -
172 2049 252 2104 lesos
267 2051 373 2104 annm.
386 2045 456 2115 Quia
463 2061 524 2102 mos
539 2044 564 2099 ei
579 2052 638 2100 erat
650 2043 695 2100 die
704 2043 754 2113 dne
805 2083 839 2124 00
852 2068 995 2125 evidenter
1008 2067 1137 2124 ostendit·

92 2135 186 2208 imple,
206 2151 322 2208 vespere
336 2135 437 2192 reverti
457 2134 486 2190 in
505 2133 673 2203 Bethaniam,
694 2148 755 2204 qua

92 2232 149 2283 >nie
165 2224 275 2281 Oliveti.

92 2329 120 2371 ne
139 2330 147 2367 :
163 2313 260 2385 Signat
275 2312 442 2368 altitudinem
454 2310 660 2381 misericordiae,
684 2309 756 2365 unde

92 2400 181 2472 uerna,
198 2402 283 2458 idest
305 2401 406 2457 unctio.
435 2401 515 2456 Mane
536 2399 607 2455 redit
620 2399 656 2454 ad
684 2407 756 2454 tem·

92 2506 138 2591 ,ω
152 2500 193 2590 θῗῑ
208 2499 372 2588 ⁰¹¹u⁵f¹⁰vae
386 2488 454 2546 ¹⁰⁶5
467 2488 665 2588 P⁰⁸n⁰f¹⁹bf³⁸
674 2487 755 2586 ΙΨ
808 2527 918 2599 impleto
931 2525 1080 2584 ministerio
1094 2527 1129 2583 ad
1142 2527 1249 2583 Patrem
1264 2525 1358 2594 redeo,
1370 2533 1519 2583 nectamen
1528 2540 1604 2581 mun·

92 2578 162 2646 rbus,
179 2580 206 2635 td
221 2587 270 2643 est,
287 2578 430 2649 intemplo
453 2593 513 2646 eJus
540 2576 758 2633 misericordiam
808 2616 872 2670 dum
886 2615 956 2671 rehu
993 2630 1020 2672 0·

92 2666 173 2725 cdere
186 2675 214 2723 et
227 2668 304 2723 dare.
335 2666 427 2723 Sessio
455 2674 497 2722 est
510 2665 649 2720 burnibtes
664 2665 758 2721 lncar-

110 2755 176 2831 qnia
188 2755 336 2811 miseretur
349 2763 376 2811 et
390 2755 479 2820 docet,
489 2754 562 2809 unde
576 2752 760 2823 libentiuspo·

92 2842 175 2899 nitad
188 2859 261 2910 eum,
278 2842 328 2898 sed
342 2841 444 2898 inimici
457 2841 587 2897 Pharisaei
612 2841 647 2897 de
657 2840 760 2910 justitia

92 2946 127 2989 nn
139 2939 235 2997 conus
249 2946 310 2987 eam
334 2931 415 2986 dicat.
439 2930 568 2986 Sciebant
589 2937 760 2986 mansuetum

92 3019 192 3079 corde
200 3019 420 3091 predicatorem,
430 3018 503 3074 unde
512 3017 638 3089 placebat
647 3017 759 3089 populo,
994 3076 1000 3088 ,
1044 3076 1050 3090 ,
1425 3072 1431 3084 ,
1471 3071 1477 3084 ,
1601 3071 1606 3083 ,

92 3107 178 3165 ubam
186 3106 321 3163 dicturum
330 3106 518 3163 dimittendam
528 3122 589 3162 esse
596 3105 759 3174 adulteram,
777 3096 802 3161 C
847 3077 903 3148 E⁹⁰
916 3074 1263 3148 msumqmqwm·
1279 3073 1341 3172 ¹3⁸⁰,
1354 3088 1410 3129 ‘¹⁰¹¹
1421 3071 1609 3172 iuflm‘f’qm

1118 3160 1610 3233 utnos,velpemtusnenJudrcohoe

92 3284 145 3343 m
158 3293 186 3343 e,
200 3301 263 3342 cum
277 3284 400 3341 adultera
413 3300 475 3341 reus
502 3283 609 3340 mortis.
639 3281 759 3351 Quodsi
814 3251 1037 3324 primoedvcntu‚
1058 3250 1107 3306 sed
1121 3250 1206 3316 salvo,
1219 3249 1268 3306 sed
1282 3248 1475 3322 quiasecundo
1492 3249 1610 3305 adventu

92 3373 227 3448 allegem
257 3373 361 3429 diceret
382 3373 565 3444 lapidandam,
595 3371 762 3438 deriderent,
811 3338 1480 3412 j⁰d¹⁰⁸b¹tt⁸M1h0⁴³²m⁸is¹⁴di⁶⁰⁶9⁰¹effl

92 3462 242 3519 rehaberet
255 3461 491 3518 mansuetudinem
506 3459 764 3532 quampraedicabnt
850 3456 936 3512 virs.
953 3456 996 3510 16.
1019 3485 1053 3495 -
1074 3454 1145 3522 Quia
1155 3455 1230 3510 seins
1239 3453 1335 3526 (Aue.)
1345 3454 1411 3511 Ideo
1430 3469 1526 3509 verum
1548 3452 1611 3525 quin

92 3592 94 3599 ,
113 3550 265 3605 amabatur.
289 3551 350 3620 lpse
373 3556 464 3604 autem
486 3556 581 3604 neutra
592 3547 706 3619 'eapitur
719 3563 764 3604 cu·
814 3559 869 3601 non
885 3543 969 3610 solus,
986 3543 1036 3599 sed
1050 3558 1102 3614 ego
1117 3549 1144 3598 et
1157 3542 1248 3597 Pater.
1264 3541 1338 3598 Ecce
1352 3557 1419 3614 ergo
1434 3541 1489 3597 due
1502 3541 1530 3596 in
1544 3557 1610 3613 per-

93 3638 144 3695 sed
157 3645 267 3695 servata
280 3637 487 3692 mansuetudine
515 3636 663 3708 respondet
691 3635 765 3708 quod
815 3632 899 3699 sonis,
910 3631 974 3688 licet
982 3631 1100 3686 nnumin
1110 3629 1259 3686 substantia
1271 3648 1278 3696 ς
1290 3630 1364 3701 quod
1374 3636 1414 3684 est
1426 3630 1506 3685 :ldeo
1517 3645 1611 3686 verum

92 3746 96 3781 ι
105 3724 217 3797 institiae
233 3744 240 3779 :
258 3726 385 3793 Quirine
400 3728 514 3798 peccabo
528 3729 580 3792 est,
594 3725 707 3797 primns
733 3727 764 3780 in
815 3728 856 3777 cst
867 3719 1000 3790 judicium
1009 3735 1110 3788 meum,
1127 3717 1192 3790 quia
1205 3733 1286 3774 verus
1294 3717 1343 3772 Dei
1367 3716 1528 3783 Filiussum,
1539 3715 1613 3771 unde

92 3814 188 3889 pidcrn
214 3816 323 3870 mittat.
351 3814 413 3869 Non
433 3821 524 3869 autem
548 3811 763 3883 statimjudicat,
815 3808 945 3881 probatur
967 3806 1040 3879 quod
1063 3806 1156 3875 Filius,
1181 3806 1245 3878 quia
1269 3820 1324 3860 non
1346 3804 1431 3874 solus,
1461 3804 1510 3860 sed
1532 3803 1614 3860 Pater

92 3916 162 3959 nans
176 3918 206 3958 se
220 3901 306 3974 digito
322 3901 416 3958 scribit
430 3901 459 3955 in
473 3911 585 3956 terram.
815 3913 931 3954 mecum.

100 4010 130 4067 3·
143 4038 179 4051 ,,
193 4008 356 4065 Adducunt,
372 4007 486 4079 mystice
503 4024 510 4061 :
525 4006 622 4063 Mulie„
647 4006 676 4062 in
687 4006 765 4063 adul,
849 3985 936 4041 Vnns.
953 3985 997 4040 l'l.
1013 4014 1048 4026 -
1061 3984 1097 4039 bt
1112 3985 1144 4039 in
1160 3982 1466 4055 lepcvestrnscriptnm
1480 3986 1532 4038 cst.
1549 3981 1615 4054 (ln.)

92 4096 222 4170 prehensa
236 4097 325 4170 signat
336 4097 521 4170 synagogam,
534 4094 766 4168 quaeaduhemig
815 4074 893 4130 Dicto
907 4074 942 4129 de
953 4072 1057 4144 judicio
1081 4071 1154 4145 quod
1179 4088 1258 4127 suum
1282 4079 1309 4126 et
1319 4070 1406 4126 Patris
1430 4069 1614 4127 testimonium

92 4184 165 4258 φὶ,
181 4185 321 4258 sequendo
335 4185 494 4240 traditiones
507 4192 622 4256 pappum·
640 4183 691 4240 pel
705 4200 766 4256 ω
815 4178 910 4219 verum
937 4161 982 4229 sit,
1007 4160 1105 4232 probat
1134 4160 1168 4215 ab
1207 4159 1366 4216 auctoritate
1393 4158 1474 4232 legis.
1511 4157 1616 4214 Dicitur

94 4272 158 4347 W
171 4273 267 4346 Moysi,
280 4274 336 4342 jam
346 4273 466 4345 sequitu,
476 4271 557 4327 fidem
572 4271 681 4339 Christi,
693 4272 765 4330 unde
815 4251 897 4319 enim,
914 4257 979 4322 etc,
995 4265 1082 4323 nspnc
1095 4249 1132 4305 nd
1145 4256 1175 4304 ut
1201 4256 1328 4306 accusata
1356 4246 1480 4303 Susanna
1508 4245 1614 4302 habuit.

96 4360 154 4433 im
173 4362 252 4434 quasi
278 4361 428 4417 adulteram
451 4367 568 4416 accusat.
598 4358 648 4416 Vel
675 4358 766 4433 signat
851 4365 937 4421 Vnns.
950 4368 995 4422 19.
1010 4394 1046 4407 -
1059 4362 1196 4420 Dicebant
1211 4379 1273 4436 erpo
1289 4364 1324 4418 ci.
1338 4360 1495 4418 Secundum
1503 4375 1616 4418 carnem

92 4464 131 4520 m,
162 4466 222 4522 (1¹1ae
244 4449 401 4522 relinquens
430 4451 527 4515 Deum,
557 4447 688 4505 s⁰rssi⁰³i⁸
712 4450 805 4511 erati)
817 4453 982 4526 judicantes,
1012 4454 1122 4509 Patrem
1144 4450 1243 4506 Christi
1257 4449 1403 4506 cameliter
1425 4457 1613 4521 acceperunt:

92 4537 227 4609 munibat,
244 4554 325 4612 quam
348 4538 459 4594 Judaeus
486 4545 604 4603 accusat.
635 4536 708 4608 quod
734 4535 770 4591 td
820 4543 941 4599 sederat
954 4543 1037 4599 bomo
1050 4541 1195 4613 inaperta,
1214 4539 1333 4596 Verbum
1347 4536 1437 4593 Patris
1455 4537 1614 4597 inocculto.

92 4642 110 4684 ΙΙ
126 4626 252 4696 milii»
269 4626 379 4699 eiquasi
392 4642 493 4684 novum
506 4624 668 4682 idOIOlairiae
682 4640 770 4698 genus
822 4634 869 4691 llbi
884 4636 927 4689 est
939 4633 1024 4689 Pater
1035 4634 1109 4686 tans.
1123 4627 1209 4698 Quasi
1232 4626 1337 4682 meant:
1358 4626 1396 4681 Te
1420 4625 1543 4683 videmus
1566 4628 1616 4684 sed

841 2173 927 2229 Vnae.
945 2175 988 2230 lt.
1004 2203 1039 2215 -
1051 2175 1199 2230 Vernmcst
1212 2174 1418 2230 testimoniam.
1430 2174 1521 2228 lleum
1530 2169 1603 2228 testi-

805 2262 926 2317 monium
940 2260 1002 2319 ideo
1017 2278 1113 2318 verum
1123 2270 1174 2331 est,
1189 2261 1354 2329 babendum,
1371 2261 1435 2333 quia
1450 2261 1508 2317 seio
1530 2261 1603 2317 unde

806 2349 896 2417 venie,
911 2351 964 2407 boc
978 2359 1029 2417 est,
1045 2350 1109 2423 quia
1123 2349 1277 2406 testimonio
1301 2348 1387 2404 Patris
1401 2347 1579 2406 confirmatur
1594 2365 1602 2403 ε

807 2438 870 2495 veni
882 2438 983 2494 missus
997 2454 1013 2494 a
1027 2439 1116 2507 Patre,
1132 2446 1291 2495 nontamen
1315 2453 1377 2493 cum
1405 2437 1546 2503 deserens,
1577 2443 1604 2492 et

843 2722 929 2778 Vnns.
947 2722 990 2778 to.
1007 2751 1042 2762 -
1061 2720 1108 2778 Vos
1131 2720 1288 2777 secundnm
1316 2736 1432 2778 carnem
1454 2719 1602 2792 judicatis.

810 2809 880 2879 Quia
886 2808 954 2866 illud
966 2808 1090 2879 nescitis,
1105 2808 1168 2865 ideo
1182 2824 1231 2865 vos
1248 2809 1398 2865 secundum
1412 2806 1606 2877 carnemjudi·

810 2898 947 2969 catis,hoc
960 2906 1010 2965 est,
1026 2897 1165 2953 hominem
1178 2897 1289 2969 putatis,
1304 2897 1384 2954 cuiin
1397 2897 1478 2952 laude
1488 2911 1606 2952 suacre-

811 2987 931 3043 dendum
944 3000 1001 3042 non
1015 2985 1058 3055 sit,
1070 2993 1097 3041 et
1110 2985 1193 3041 etiam
1206 2985 1350 3040 damnatis.

92 3195 256 3255 ediceretur
271 3196 438 3269 hostislegis
459 3194 610 3252 contrarius
635 3194 723 3265 Moysi
737 3201 765 3250 et
814 3162 965 3220 ⁸⁹⁰¹¹¹id¹¹m
978 3178 1101 3230 mnemr

92 4722 165 4773 test.
819 4736 874 4778 non
892 4721 1000 4776 Patrem
1026 4726 1125 4775 tecum.
1146 4714 1251 4785 Quibus
1275 4722 1387 4771 econtra
1414 4714 1536 4772 dicitur:
1561 4717 1616 4774 Sed

92 4824 132 4878 ,1.
149 4850 184 4863 -
198 4823 277 4879 lesus
292 4826 389 4878 annm
402 4821 550 4877 inclinans
577 4834 607 4875 sc
628 4804 775 4876 deorsam
819 4825 871 4866 nec
885 4806 1028 4874 mescitis,
1045 4804 1145 4878 quiesi
1159 4804 1298 4861 hominem
1326 4818 1408 4877 quem
1429 4803 1538 4873 videtis,
1561 4821 1617 4861 nen

92 4908 198 4967 meret
224 4909 252 4964 in
276 4917 359 4978 tem,
384 4908 442 4965 sive
464 4909 548 4965 verba
570 4907 688 4974 illorum,
714 4906 772 4963 sive
820 4898 894 4970 quod
906 4898 935 4953 in
948 4895 1056 4954 ocetslto
1070 4910 1131 4950 sum
1142 4892 1227 4962 scitis,
1243 4900 1270 4948 et
1279 4892 1342 4948 ideo
1351 4908 1403 4950 neo
1411 4894 1520 4948 Patrem
1529 4892 1615 4951 scius.

92 4998 134 5069 td,
151 5013 208 5056 non
217 5005 258 5054 cst
267 4996 420 5066 diffinitum,
433 4997 583 5053 seeundum
605 4996 680 5068 quod
690 5009 720 5050 se
729 4993 771 5049 in·
822 4987 876 5042 Sed
891 4985 973 5042 sime
988 4982 1104 5052 sciretis,
1120 4982 1194 5055 quod
1208 4990 1251 5038 est
1262 4981 1350 5053 prius,
1375 4997 1420 5037 me
1446 4982 1616 5055 cognoscite,

92 5085 210 5165 ndigito
224 5086 329 5143 scribit.
346 5088 432 5142 Docet
454 5093 545 5140 tamen
572 5092 600 5139 ut
628 5090 773 5155 antequam
821 5083 848 5132 et
863 5074 902 5131 sic
914 5075 1024 5131 Patrem
1037 5071 1152 5141 sciretis,
1169 5071 1232 5145 quia
1256 5086 1340 5126 unum
1356 5086 1461 5127 sumus.
1486 5073 1618 5131 Forsitan

92 5192 104 5231 r
120 5172 179 5246 liet,
195 5190 246 5230 nos
272 5174 373 5230 debere
387 5173 529 5243 inclinare,
558 5171 651 5239 idest,
667 5170 772 5228 conde·
821 5166 982 5233 etPctrem,
998 5169 1051 5219 etc.
1065 5161 1128 5218 Non
1141 5160 1254 5228 dubitat,
1275 5159 1324 5215 sed
1356 5159 1512 5217 dubitantes
1540 5161 1619 5233 quusi

92 5261 264 5336 einjudicio
275 5271 320 5319 sut
335 5262 461 5319 iaciendo
477 5262 514 5317 uti
525 5261 699 5317 discretione.
820 5252 915 5309 irridet
928 5260 955 5309 et
968 5251 1093 5323 increpat
1108 5268 1117 5319 ς
1133 5257 1161 5306 ut
1179 5257 1206 5306 et
1234 5248 1361 5305 dominus
1383 5264 1475 5318 servo,
1505 5248 1619 5307 forsitan

92 5420 97 5437 .
109 5382 138 5437 8.
149 5408 184 5420 -
193 5380 231 5435 Et
241 5381 347 5435 iterum
356 5394 385 5436 sc
394 5378 551 5435 inclinans.
563 5376 632 5432 Data
642 5372 773 5432 sententia
821 5341 954 5398 D⁰¹¹¹i¹¹¹¹⁵
967 5348 1030 5396 ¹⁰⁰⁵
1040 5356 1110 5395 sum·

95 5484 150 5543 qua
172 5466 213 5523 illi
237 5467 340 5525 conscii
366 5466 510 5532 malorum,
554 5463 677 5537 percussi
700 5470 772 5530 sunt,
858 5453 1396 5521 vens.ao.-1iaecvcric,etc.Gazae
1418 5452 1527 5521 divitiae,
1543 5449 1617 5546 Pbp·

92 5555 186 5616 scribit
200 5555 228 5611 in
242 5564 387 5612 temamer
405 5571 490 5621 more,
508 5553 612 5610 vultum
626 5552 679 5608 alio
708 5567 773 5606 ver·
822 5546 883 5602 laxe
897 5560 1016 5602 servare.
1044 5543 1146 5616 Typice
1163 5560 1170 5599 z
1186 5541 1418 5614 Gazophylacium
1432 5549 1474 5595 est
1488 5544 1619 5609 mysteria

92 5654 124 5705 nt
142 5644 201 5705 iltis
226 5646 261 5702 sit
273 5644 389 5702 liberum
416 5643 501 5714 exire,
526 5658 596 5716 quos
608 5638 776 5715 previdebat
824 5634 1038 5709 scripturarum,
1058 5649 1119 5707 que
1137 5639 1200 5690 sunt
1222 5631 1251 5688 in
1271 5630 1383 5702 templo,
1397 5628 1427 5684 id
1439 5634 1482 5685 est
1494 5626 1523 5683 in
1536 5622 1618 5682 Chri·
