3772 6112
109 244 143 299 63
380 239 583 298 watartttm
601 235 724 296 statut
742 239 844 297 FULD.
860 237 947 297 ΜΘΝ.
968 237 1045 297 ΟΡΡ.
1066 238 1154 297 PARS
1173 239 1194 297 l.
1214 269 1249 283 -
1267 238 1505 299 THEOLOGICA.
1732 247 1766 302 ol

836 527 1027 601 THRENI.

145 705 236 764 Editio
250 705 433 763 Duacensium
458 704 647 786 tlrcologomm
668 703 738 760 libro
767 703 1001 785 Lamentationmn
1025 704 1232 786 Expositionem
1255 705 1374 762 annectit
1397 707 1537 764 Paschasii
1556 707 1692 780 Ratperti,
1718 711 1765 783 qni

110 779 182 836 circa
195 793 296 834 annum
309 777 417 834 Domini
433 779 484 832 880
499 775 599 832 llorurt.
621 777 696 831 llanc
705 782 788 842 certe,
804 782 833 830 ut
846 790 925 830 annas
978 775 1122 849 adragrnta
1137 777 1264 849 llatperto
1289 777 1389 842 senior,
1409 793 1465 833 non
1488 779 1565 836 novit
1581 780 1763 848 walafridus,

111 856 138 907 et
155 848 221 906 ideo
231 864 304 905 nunc
317 847 494 905 omittendam
504 847 671 914 censuimus,
682 862 746 903 mox
760 845 830 903 iuter
843 793 1084 918 opera‘i'scaasit
1095 846 1214 920 llatperti
1230 862 1279 904 suo
1293 847 1354 905 loco
1365 849 1452 905 daturi
1471 849 1587 920 (anm).

673 1131 943 1206 PROPHETIA
966 1132 1179 1253 aARUOH.

805 1309 1057 1329 ψ

418 1414 609 1472 PliAEFATIO.
962 1414 1049 1472 multa
1062 1415 1097 1472 do
1112 1414 1220 1472 Christo
1230 1414 1441 1489 novissimisque
1450 1417 1620 1488 temporibus
1630 1418 1765 1477 indicant.

149 1521 230 1578 liber
259 1522 320 1588 iste,
336 1521 383 1594 qui
410 1522 518 1578 Barueh
540 1521 650 1578 nomine
678 1529 856 1593 prenotatur,
885 1522 913 1577 in

112 1610 230 1667 llebraeo
244 1625 349 1667 canone
363 1626 418 1667 non
432 1610 559 1677 habetur,
576 1611 625 1667 sed
635 1618 740 1666 tantum
753 1598 781 1664 in
796 1609 914 1682 Vulgata

113 1699 232 1757 editione
246 1708 268 1766 ⁸,
299 1699 425 1756 similitor
447 1707 474 1755 et
503 1698 619 1772 epistola
632 1699 768 1755 leremiae.
799 1699 914 1770 Propter

112 1788 236 1845 notitiam
251 1796 342 1844 autem
371 1788 519 1862 legentium
547 1788 591 1845 lric
620 1788 722 1860 scripta
749 1794 822 1855 sunt,
851 1786 915 1859 quia

999 1557 1136 1634 (Antiqua
1158 1560 1336 1632 exemplaria
1352 1558 1453 1618 Gloasoe
1471 1560 1624 1617 ordinarie
1648 1548 1764 1620 temtum

964 1648 1160 1704 torrtcmmorlo
1175 1649 1284 1705 Boreceh
1295 1648 1439 1715 exhibent,
1452 1649 1535 1706 nella
1545 1651 1700 1709 comitante
1715 1668 1764 1710 ce·

964 1737 1126 1810 posit-ione.)

111 1920 167 2042 (ἐι
169 1912 289 2041 ἕὲΙςῗιε
292 1913 392 2041 1editio,
409 1914 444 1971 de
460 1929 511 1988 qua
526 1911 554 1968 lrt
574 1912 676 1970 mentio
700 1911 729 1968 in
753 1910 870 1984 prologo
898 1926 982 1985 super
1009 1914 1124 1981 aarum,
1145 1915 1289 1988 exponitur
1308 1915 1335 1973 in
1349 1913 1465 1991 prologo
1479 1930 1561 1990 super
1578 1916 1761 1977 Ezechielem.

186 2001 200 2039 r
227 2001 290 2056 pan
321 2001 393 2042 sun.

640 2272 910 2348 PROPHETIA
934 2272 1220 2350 EZEOHIELIS.

113 2449 209 2531 (Vide
219 2448 467 2532 Expositionem
477 2447 517 2509 B.
533 2448 726 2530 Hieronymi
744 2449 778 2511 in
799 2448 1004 2513 Ezechielem
1028 2455 1059 2511 et
1072 2449 1218 2511 homilias
1242 2449 1282 2511 B.
1303 2450 1458 2532 Greyorii
1468 2452 1664 2514 ineumtlem.
1685 2451 1763 2529 Qum

153 2529 473 2689 ἰῖἑίἰὲῑέιυῗιονῶυε
494 2527 622 2593 erlrrhel
643 2529 739 2592 editio
760 2548 852 2613 qaam
877 2529 1050 2611 sequimur,
1075 2536 1186 2593 cuncte
1207 2531 1424 2613 expositorum
1452 2531 1630 2597 Walafrido
1647 2533 1759 2611 jnnio-

663 2906 931 2982 PROPHETlA
955 2905 1188 2980 DANIELIS.

356 3080 450 3161 (Vide
466 3064 734 3147 commentarium
744 3082 785 3144 Β.
800 3083 1000 3167 Hieronymi,
1024 3081 1164 3166 Operum
1180 3083 1252 3166 ojus
1268 3086 1351 3147 tomo
1374 3082 1407 3162 V,
1424 3084 1483 3148 eol.
1499 3083 1585 3164 498.)

540 3383 678 3456 LIBER
702 3380 952 3456 DUODECIM
975 3382 1343 3458 PROPHETARUM.

636 3559 729 3640 (Vide
742 3558 783 3623 B.
800 3558 1039 3643 Hieronymum,
1055 3558 1111 3623 uhi
1123 3562 1245 3642 supra.)

591 3857 976 3932 MACHABAEORUM
1000 3858 1121 3932 LlBRl
1147 3857 1257 3932 DUO.

578 4102 691 4161 ccrlrom
705 4106 855 4161 matuatus
869 4107 912 4159 cst
931 4105 976 4161 Wc

112 4034 192 4110 (Vide
206 4035 421 4110 impositionem
450 4033 557 4095 actam
584 4032 674 4088 Macri
687 4033 719 4087 ic
735 4031 845 4088 cosdem
874 4031 955 4090 libros
978 4031 1110 4162 &Operum
1124 4033 1183 4100 ejus
1202 4032 1328 4089 editionis
1343 4041 1443 4093 nostrae
1457 4042 1530 4093 tomo
1546 4034 1603 4111 llll,
1624 4052 1710 4111 qoam
1725 4038 1763 4096 cd

1007 4104 1101 4177 frictas
1115 4105 1255 4178 Strobos.)

470 4392 781 4468 EVANGELlUM
807 4390 1066 4467 SECUNDUM
1090 4394 1388 4469 MATTHAEUM.

411 4730 610 4789 PROLOGUS.
922 4729 1052 4791 Amorte
1066 4739 1237 4803 peremptum
1253 4747 1348 4787 eorum
1367 4739 1426 4787 erat
1452 4731 1647 4803 praedicatione
1675 4731 1764 4790 virifi-

960 4820 1077 4875 candum
1094 4837 1100 4874 :
1117 4820 1230 4876 undeet
1246 4821 1361 4876 aliorum
1376 4820 1700 4894 evangeliadeciderunt‚
1712 4838 1765 4878 nec

960 4916 1072 4979 recepta
1095 4917 1157 4963 sunt
1173 4926 1179 4963 :
1197 4909 1261 4982 quia
1275 4910 1405 4965 nolebant
1428 4908 1591 4981 praefinitum
1615 4927 1762 4967 numerum

961 4997 1064 5054 cessari
1092 5005 1205 5069 propter
1218 4997 1345 5054 uirtutem
1374 4999 1548 5056 sacramenti.
1578 4999 1765 5072 Designantur

961 5085 1043 5141 etiam
1071 5086 1246 5158 evangelistae
1261 5095 1378 5158 quatuor
1407 5086 1512 5160 figuris,
1528 5103 1588 5159 quae
1616 5103 1672 5142 non
1700 5096 1765 5144 sunt

961 5173 1136 5245 deceptoriae,
1153 5175 1202 5230 sed
1213 5175 1328 5244 jucundi
1341 5177 1465 5248 mysterii
1479 5176 1532 5231 sihi
1546 5175 1673 5233 consciae.
1690 5177 1763 5233 llat-

963 5264 1050 5318 thaeus
1063 5263 1090 5317 in
1104 5263 1214 5319 homine
1227 5264 1389 5338 intelligitur
1405 5284 1412 5319 ε
1429 5265 1493 5337 quia
1508 5265 1582 5321 circa
1605 5266 1763 5322 humanita-

964 5361 1020 5409 tem
1047 5352 1148 5408 Christi
1184 5353 1370 5425 principaliter
1396 5354 1567 5410 immoratur.
1597 5354 1708 5411 llareus
1738 5356 1767 5410 in

964 5441 1053 5508 leone,
1071 5441 1135 5513 quia
1149 5442 1206 5515 agit
1220 5443 1254 5498 de
1278 5443 1489 5499 resurrectione.
1507 5443 1594 5499 Lucas
1616 5443 1645 5498 in
1669 5443 1764 5513 vitulo,

965 5545 1051 5603 agens
1066 5530 1100 5585 de
1123 5532 1288 5588 sacerdotio.
1304 5533 1443 5587 lohannes
1467 5531 1495 5586 in
1510 5530 1612 5604 aquila,
1638 5533 1766 5591 scribens

965 5626 1138 5676 sacramenta
1152 5619 1316 5678 Divinitatis.
1333 5620 1456 5676 Christus
1471 5636 1538 5677 vero
1554 5637 1636 5694 quem
1655 5622 1766 5680 descri-

945 5726 951 5735 ·
965 5707 1042 5781 bunt,
1057 5709 1140 5768 homo
1154 5707 1205 5770 luit
1218 5709 1253 5768 de
1267 5709 1373 5784 uirgine
1387 5716 1467 5769 natus
1484 5728 1491 5766 :
1507 5708 1609 5770 vitulus
1623 5709 1653 5769 in
1669 5710 1768 5771 immo·

69 4898 74 4911 .
148 4854 291 4910 Mattheus
306 4869 368 4912 cum
383 4854 472 4926 primo
487 4855 664 4927 praedicasset
679 4853 860 4928 lluangelium
883 4851 910 4908 in

112 4943 217 5010 Judaea,
234 4944 330 5001 volens
353 4944 471 5001 transire
486 4946 521 4999 ad
535 4952 640 5017 gentes,
652 4944 757 5015 primus
780 4945 910 5017 Evange-

111 5030 181 5088 lium
196 5033 304 5105 scripsit
332 5033 490 5089 Hebraiee:
521 5033 594 5105 quod
623 5032 784 5088 iratribusa
812 5031 911 5104 quibus

112 5122 180 5190 ibat,
197 5121 233 5178 ad
247 5122 398 5177 memorien
414 5121 531 5194 reliquit.
549 5120 624 5178 Sicut
647 5122 720 5176 enim
734 5136 847 5178 necesse
862 5120 911 5176 suit

113 5211 150 5269 ad
163 5208 397 5268 confirmationem
413 5209 476 5266 fidoi
491 5209 670 5282 Evangelium
693 5209 854 5281 praedicare,
871 5209 911 5266 sio

112 5309 139 5358 et
153 5307 249 5357 contra
263 5299 407 5356 haereticos
421 5298 515 5355 scribi.
530 5299 598 5354 Cum
613 5305 704 5353 autem
719 5298 812 5370 plures
821 5299 949 5363 Euan-B

111 5388 214 5465 gelium
230 5387 399 5458 scripserint,
416 5395 534 5461 quatuor
558 5395 662 5442 tantum
677 5387 778 5444 habent
796 5387 915 5444 anctori-

117 5477 182 5535 tatis
196 5476 380 5533 testimonium
397 5495 403 5531 :
420 5477 484 5549 quia
506 5492 556 5548 per
575 5484 692 5550 quatuor
714 5476 809 5531 mundi
821 5484 915 5549 partes

111 5564 198 5624 tidem
227 5564 353 5621 nuntiant
367 5565 514 5631 Trinitatis,
546 5572 572 5620 et
600 5573 663 5621 sunt
691 5564 769 5636 quasi
799 5573 916 5638 quatuor

114 5661 182 5713 rotae
196 5653 226 5710 in
241 5653 377 5728 quadriga
392 5653 510 5722 Domini,
522 5668 583 5727 quae
597 5653 671 5710 vehit
685 5668 747 5709 eum
755 5653 915 5725 perpraedi-

112 5742 251 5803 cetionam
264 5742 420 5819 Evangelii,
445 5750 472 5802 et
485 5758 574 5818 genus
587 5741 738 5802 humanum
760 5738 916 5816 mahilde
