3772 6112
134 240 186 295 tab

423 238 625 294 wsbsrhlol
644 237 765 295 sultam
784 236 885 294 FULD.
900 233 988 291 ΜΘΝ.
1009 232 1088 291 ΟΡΡ.
1108 233 1197 292 Plus
1215 234 1237 290 1.
1257 263 1292 276 -
1309 233 1546 293 monostich.
1737 237 1788 291 iii

171 363 206 416 lit
221 361 254 418 dc
263 366 388 434 peccato.
405 361 512 433 (Onia.)
528 362 586 417 Hoc
600 369 642 416 est
658 378 665 416 :
682 362 733 417 Per
743 361 862 416 bosham
872 357 971 418 car-A
986 357 1030 413 vel
1044 366 1139 415 nostro
1157 377 1164 414 :
1182 359 1256 432 quod
1269 366 1361 416 tamen
1375 375 1430 415 non
1443 358 1558 425 est,nis1
1575 363 1677 431 agente
1687 355 1788 428 Spiritu

135 448 179 504 nis
194 466 250 505 suae
265 465 347 522 quam
363 450 461 505 obtulit
477 450 504 504 in
519 465 568 504 nra
587 449 687 519 crucis,
713 448 852 504 damnavit
866 463 934 521 pec·
984 455 1088 503 Sancto.

135 546 236 607 calum,
253 546 278 593 et
293 539 327 593 ad
341 538 454 593 nihilum
469 538 575 611 redegit
589 538 617 592 iu
632 553 716 594 carne
731 554 790 595 sua.

170 629 333 683 damnavit.
350 627 380 682 ld
400 635 440 682 est
462 626 597 682 dextruxit
621 627 768 693 diabolum,
785 626 812 681 id
828 633 869 682 est
884 643 935 698 pro

136 722 250 787 peccato
266 715 339 787 quod
354 714 418 771 lacit
431 715 459 769 in
474 730 558 771 carne
578 714 688 770 Christi.
714 715 763 770 Vel
777 722 932 787 peccatum,

135 803 163 858 id
179 810 220 858 est
230 802 350 858 fomitem
365 803 559 875 procedentem
574 804 609 860 de
623 804 812 875 peccatobdae
822 805 934 860 dumna-

135 891 183 960 vit,
198 891 278 946 idest
292 891 451 948 debilitavit.

172 1005 295 1062 Vsusl.
307 1035 342 1046 -
359 1009 391 1066 lli
407 1008 588 1078 justificatio.
603 1008 643 1064 lta
665 1008 808 1065 damnatur
831 1021 933 1080 pecca·

136 1101 259 1166 lumper
276 1093 414 1150 Christum
435 1104 464 1150 ut
474 1095 579 1165 justitia
603 1112 686 1169 quam
705 1097 749 1154 lex
763 1096 851 1170 bloysl
866 1111 933 1169 pro-

134 1182 208 1238 misit
223 1191 470 1240 consummaretur.

1019 562 1104 617 Vsus.
1130 564 1183 618 ιι.
1203 592 1238 603 -
1260 563 1401 635 luuntur.
1427 563 1552 635 Aguntur
1567 560 1653 629 dicit,
1669 575 1726 617 non
1739 576 1784 617 rc·

988 668 1099 732 guntur.
1117 660 1182 715 Plus
1197 669 1238 716 est
1256 660 1328 716 enim
1341 661 1387 734 agi
1402 676 1485 732 quam
1499 661 1560 734 regi
1576 677 1583 716 :
1599 659 1647 732 agi
1661 659 1736 716 enim
1744 660 1786 715 di·

990 749 1075 805 cimus
1088 749 1221 820 aliquem,
1233 749 1312 821 quasi
1327 749 1369 805 rix
1391 749 1493 821 aliquid
1504 756 1649 823 agentem3
1666 748 1728 821 regi
1741 763 1787 804 au.

992 841 1046 888 tem
1062 833 1140 904 quasi
1151 833 1209 902 jam
1225 831 1328 904 aliquid
1342 841 1480 906 agentern,
1496 831 1542 904 qui
1551 832 1615 888 ideo
1630 831 1748 906 regitur,
1761 840 1787 889 ut

988 937 1064 985 recte
1078 935 1152 1003 agat.
1170 929 1225 986 Sed
1238 937 1369 1003 aguntur,
1385 945 1441 984 non
1455 929 1529 1001 quod
1541 928 1609 984 nihil
1620 944 1672 1000 per
1682 944 1724 997 se,
1740 927 1787 985 scd

989 1017 1073 1088 quod,
1089 1025 1119 1072 ut
1132 1017 1236 1090 aliquid
1258 1024 1352 1092 agant,
1367 1017 1471 1089 impetu
1490 1017 1587 1091 gratiae
1600 1015 1785 1088 impelluntur.

1024 1105 1118 1177 (Auo,
1135 1104 1184 1161 bb.
1201 1107 1234 1163 dc
1253 1107 1366 1180 Corrcp.
1382 1110 1411 1163 ct
1427 1107 1516 1172 Grai„
1532 1122 1557 1162 c.
1573 1104 1615 1177 2.)
1629 1105 1694 1161 Non
1709 1120 1740 1161 se
1752 1103 1787 1161 ita

983 1209 1035 1264 que
1049 1192 1145 1249 labant
1160 1194 1208 1267 qui
1222 1194 1317 1251 dicunt
1334 1210 1340 1251 :
1357 1195 1391 1252 Ut
1399 1194 1465 1268 quid
1474 1194 1563 1261 nobis,
1575 1200 1642 1261 etc..
1653 1208 1744 1267 usquc
1753 1192 1788 1249 ud

173 1299 261 1355 Vsus.
277 1303 303 1355 5.
319 1331 354 1342 —
370 1300 423 1367 Qui
437 1301 678 1358 enimsccundum
692 1318 818 1359 curnem.
830 1300 934 1356 Ambu-
983 1282 1124 1353 ἃθθθι)ῖ85θ
1140 1299 1170 1339 ὅθ
1184 1282 1334 1356 Eissdfflss‘·

138 1388 198 1443 lans
213 1388 363 1444 secuudum
378 1404 489 1445 carnem
502 1405 557 1444 non
572 1398 613 1445 est
630 1391 728 1460 justus,
745 1390 809 1462 quia
823 1405 875 1446 nec
888 1390 934 1462 qui

92 1551 96 1557 .
135 1484 177 1532 est
197 1478 347 1533 secundum
378 1494 449 1533 eam.
475 1479 530 1533 Cur
550 1479 629 1533 noni
652 1479 717 1550 quia
740 1479 860 1535 carnalia
883 1494 934 1550 pro

136 1566 250 1620 summis
265 1566 344 1621 bonis
359 1566 535 1636 concupiscit,
560 1567 634 1639 quod
656 1575 791 1639 repugnat
810 1567 932 1637 justitiae.

173 1655 258 1711 Vsus.
275 1658 301 1710 6.
311 1655 425 1711 -Num
437 1655 602 1729 prudentia.
620 1655 673 1725 Qui
687 1656 745 1712 brec
765 1672 826 1728 quae
840 1656 933 1712 caruis

1021 1389 1104 1443 Vens.
1122 1392 1164 1445 lb.
1182 1421 1217 1432 -
1231 1391 1291 1446 Nou
1307 1392 1384 1446 cuim
1398 1390 1557 1463 accepistis,
1576 1397 1630 1445 etc.
1647 1387 1711 1444 Filii
1726 1403 1787 1446 cssc

983 1476 1105 1544 debetis,
1118 1493 1175 1533 non
1189 1478 1271 1545 servi,
1289 1479 1416 1550 quianon
1428 1477 1574 1549 accepistis
1587 1477 1717 1549 spiritum
1732 1493 1786 1533 ser

983 1563 1075 1620 vitatis
1092 1581 1099 1621 ε
1116 1565 1162 1637 qui
1175 1566 1277 1623 invitos
1291 1566 1389 1622 timore
1403 1581 1492 1638 poenae
1506 1565 1611 1622 servire
1621 1565 1715 1622 iaciat.

1019 1652 1071 1709 Sed
1085 1655 1235 1727 accepistis
1250 1656 1385 1728 spiritum
1400 1655 1569 1728 adoptionis.
1590 1654 1668 1711 ldem
1679 1653 1786 1726 estspi·

134 1750 197 1799 sunt
227 1743 307 1815 sapit,
332 1759 388 1799 non
411 1751 452 1799 est
472 1743 579 1813 justus,
595 1759 658 1800 nam
681 1744 826 1815 prudentia
840 1717 967 1801 camisB
983 1740 1062 1808 ritus,
1080 1742 1130 1798 sed
1143 1750 1256 1814 propter
1271 1743 1382 1800 diversa
1396 1758 1481 1815 opera
1503 1742 1674 1799 dissimiliter
1688 1743 1786 1815 appel·

133 1848 210 1888 mors
224 1839 275 1887 est.
295 1834 355 1889 Viiu
373 1836 402 1889 ei
414 1850 484 1906 pun.
501 1833 562 1889 Vita
577 1833 688 1905 quidem
701 1833 736 1888 ad
749 1832 779 1889 id
801 1833 926 1904 relatum,

134 1921 253 1992 affectus
268 1923 364 1977 curuis
378 1937 473 1988 mors;
488 1937 542 1991 pax
557 1929 648 1976 autem
662 1922 698 1977 ad
713 1921 741 1976 id
756 1922 830 1994 quod
840 1921 933 1996 sequi·

131 2017 176 2065 tur
192 2026 198 2065 :
215 2009 333 2080 affectus
348 2012 445 2066 curnis
459 2011 615 2067 inimicitia
630 2015 673 2066 esi
692 2012 728 2066 ud
743 2013 843 2067 Deum.

169 2098 254 2154 Vsus.
265 2100 291 2153 7.
307 2128 342 2138 —
354 2098 491 2166 Quoniam
505 2099 647 2172 supientia
668 2100 775 2156 curuis.
787 2099 852 2156 Hac
867 2115 933 2156 enu-

134 2186 269 2242 merendo
280 2186 399 2243 deterret
418 2202 435 2242 a
456 2187 547 2243 carnis
570 2186 736 2243 obedientia.

169 2275 289 2332 Inimico
304 2279 356 2332 eri.
374 2276 444 2331 Dum
458 2276 495 2330 nil
510 2284 585 2347 putat
605 2277 692 2333 Deum
715 2291 808 2349 posse,
832 2285 933 2348 praeter

131 2364 205 2436 quod
219 2364 248 2419 in
262 2365 368 2420 naturis
382 2381 475 2421 rerum
490 2365 606 2421 videtur.

168 2461 254 2518 Vnus.
272 2465 298 2517 9.
320 2462 405 2519 -Si
430 2466 537 2518 turneu.
557 2462 693 2536 Ambigua
717 2462 847 2535 loquitur,
868 2463 932 2534 quia

134 2545 255 2601 nondum
270 2553 332 2600 sunt
346 2544 475 2616 perfectae
486 2545 559 2612 lidci,
578 2547 627 2601 sed
638 2561 701 2616 spes
710 2553 752 2601 est
761 2543 930 2616 perficiendi·

132 2634 255 2706 Spiritus
271 2634 331 2689 Dci.
349 2633 463 2705 Spiritus
478 2634 588 2701 Christi,
607 2633 672 2706 quia
686 2634 759 2690 idem
783 2641 826 2690 est
842 2632 931 2705 Spiri-

129 2729 174 2778 tus
188 2722 239 2779 Dei
254 2731 280 2777 et
294 2722 411 2793 Spiritus
435 2723 545 2778 Christi.

170 2829 255 2884 Vsus.
269 2831 350 2883 lu-
362 2828 466 2900 Corpus
481 2829 603 2901 quidem.
621 2828 737 2884 Nomine
747 2829 871 2899 corporis
881 2829 930 2885 bo-

129 2925 231 2980 minem
250 2932 336 2981 totum
361 2923 506 2996 significat,
533 2925 603 2981 sieut
627 2925 753 2981 Ezechiel
777 2941 928 2982 econverso

131 3014 241 3069 nomine
255 3013 361 3082 animm,
392 3029 455 3069 curu
473 3013 558 3085 inquit

129 3103 230 3157 stelit
244 3117 342 3156 sensus
358 3111 399 3156 cst
417 3119 423 3156 :
442 3102 470 3156 Si
489 3101 601 3172 spiritus
620 3102 720 3157 Christi
735 3102 762 3157 in
784 3102 863 3158 vobis
878 3109 928 3173 est,

128 3190 192 3246 licet
206 3205 305 3260 corpus
319 3197 468 3256 mortuum,
483 3190 512 3247 id
527 3198 568 3245 est
590 3192 672 3247 bomo
696 3198 819 3245 mortuus
848 3190 928 3247 luerit

126 3286 241 3350 propter
255 3286 376 3349 peccata,
392 3278 420 3333 id
436 3278 520 3334 estin
543 3278 678 3350 peccatis,
694 3279 807 3351 spiritus
822 3287 926 3347 tamen,

130 3367 217 3422 idest
236 3367 327 3422 anima
353 3384 414 3439 quaa
437 3367 525 3423 iuerat
549 3368 642 3438 impia,
669 3368 734 3425 vivit
751 3384 757 3424 :
775 3368 840 3440 quia
857 3370 926 3439 Deo,

128 3455 175 3528 qui
190 3463 231 3510 est
246 3456 310 3521 vita,
324 3456 457 3529 jungitur,
470 3464 496 3511 et
505 3457 557 3512 hoc
569 3464 681 3528 propter
692 3456 923 3526 justificationem,

127 3543 155 3598 id
170 3552 211 3599 est
224 3552 400 3615 peccatorum
415 3544 616 3616 remissionem,
634 3563 695 3618 quta
710 3554 752 3601 cst
768 3562 802 3601 ex
825 3544 927 3617 Spiritu

127 3640 230 3688 sancto.
247 3634 396 3700 Mortuum,
414 3634 461 3700 ait,
478 3650 532 3690 non
554 3634 679 3690 mortale.
696 3636 766 3690 hnic
785 3643 927 3705 peccatum

129 3720 203 3775 enim
223 3736 323 3793 corpus
346 3723 479 3790 animale,
496 3723 581 3779 idest
604 3723 719 3779 mortale
742 3723 805 3793 luit,
822 3723 927 3780 scilicet

128 3818 226 3880 potens
249 3809 330 3865 mori.
356 3811 411 3866 Sed
434 3812 507 3882 quod
531 3828 585 3868 non
610 3828 724 3869 necesse
748 3819 807 3867 erat
830 3811 925 3868 mori:

127 3898 209 3954 modo
231 3907 369 3955 mortuum
393 3899 492 3955 dicitur
519 3908 633 3972 propter
656 3908 815 3971 peccatum,
831 3900 860 3956 id
885 3907 927 3956 est

128 3995 201 4066 quod
211 4002 253 4050 est
263 4010 377 4051 necesse
387 3996 467 4052 mori.
478 3999 597 4068 Propter
614 4002 763 4069 peccatum
774 3997 924 4068 vitandum,

126 4090 283 4138 reservatur
298 4085 356 4140 hauc
371 4084 525 4151 inlirmitas,
542 4093 571 4140 ut
592 4085 690 4142 exinde
705 4101 823 4157 peccare
836 4085 926 4160 magis

127 4169 231 4225 timeat.

161 4276 247 4333 Vsus.
264 4280 307 4333 ιι.
330 4278 461 4346 —Quod
484 4281 510 4335 si
533 4280 666 4352 Spiritus.
693 4280 789 4352 (huc.)
808 4281 926 4337 Attende

125 4366 198 4438 quod
213 4366 330 4439 Spiritus
345 4375 464 4434 sanctus,
482 4375 546 4436 etc,
564 4385 649 4442 usque
671 4369 707 4425 ud
723 4369 829 4427 sicutet
838 4387 923 4442 gene·

126 4455 260 4512 rationem
274 4455 335 4512 Filii
345 4457 406 4529 quis
417 4457 583 4513 enarrabit?

164 4546 315 4615 Viuificubit
329 4549 357 4602 ei
370 4547 514 4603 mortalia.
536 4546 601 4618 (lo.)
616 4547 689 4603 Eece
705 4555 819 4620 quartus
833 4555 922 4605 actus.

122 4633 153 4688 ln
167 4632 256 4704 prima
271 4633 387 4702 actione,
403 4643 468 4702 ete,
485 4651 572 4709 usquc
591 4636 628 4691 ud
641 4636 704 4709 quia
729 4652 779 4693 nos
794 4635 922 4708 superio·

123 4737 182 4777 rem
202 4720 282 4776 nohis
303 4722 390 4776 Deum
413 4723 634 4779 deserueramus.

986 1828 1058 1885 latur
1073 1847 1080 1886 :
1093 1831 1211 1903 Spiritus
1221 1832 1272 1888 irae
1283 1832 1416 1906 AEgyptiis
1426 1832 1535 1898 dicitur,
1543 1831 1644 1904 quibus
1654 1847 1729 1905 aqua
1737 1830 1789 1904 spi·

982 1917 1036 1974 ritu
1046 1918 1134 1976 divisa
1143 1920 1331 1976 nocuitl'iHus
1341 1921 1425 1977 lsrael
1439 1919 1603 1977 nondicitur
1612 1921 1674 1992 irae,
1685 1914 1792 1993 quibus

983 2007 1264 2080 aquadivisaprofuit.
1273 2009 1390 2082 Spiritus
1400 2009 1506 2065 timoris
1514 2017 1565 2079 cst,
1575 2009 1618 2065 his
1628 2009 1678 2082 qui
1686 2024 1739 2081 per
1747 2007 1784 2066 lc·

982 2111 1057 2167 gam,
1073 2096 1107 2152 de
1121 2097 1242 2170 peccatis
1257 2106 1283 2154 et
1293 2113 1343 2154 sua
1353 2097 1510 2154 infirmitate
1524 2098 1654 2166 convicti,
1665 2097 1787 2172 ςιιιὶιιιιι

984 2183 1096 2254 spiritus
1122 2203 1179 2242 non
1201 2186 1397 2260 intelligebant.
1427 2187 1544 2258 Spiritus
1568 2186 1706 2243 libertatis
1727 2185 1787 2257 ejus

982 2286 1066 2344 opere
1090 2274 1151 2330 istis
1175 2275 1273 2348 quibus
1298 2275 1470 2348 regeneratio
1492 2275 1520 2330 in
1545 2275 1627 2332 vitam
1648 2282 1787 2332 aeternam

982 2375 1009 2423 et
1023 2358 1101 2430 fides,
1119 2381 1180 2436 quae
1189 2363 1422 2435 perdilectionem
1431 2371 1572 2436 operatur,
1582 2364 1723 2436 impertita
1732 2370 1784 2421 est.

983 2456 1059 2512 Unus
1083 2469 1152 2528 ergo
1168 2452 1279 2523 spiritus
1307 2453 1353 2525 qui
1374 2453 1443 2509 duos
1466 2452 1578 2509 timores
1593 2452 1670 2510 iacit.
1687 2452 1742 2523 Qui
1757 2460 1785 2510 ct

981 2543 1036 2600 duo
1051 2558 1155 2617 genera
1176 2558 1319 2597 servorum
1342 2540 1454 2597 iaciunt.
1471 2542 1521 2596 Est
1535 2542 1608 2597 enim
1623 2558 1724 2598 servus
1739 2541 1786 2615 qni

982 2640 1008 2689 et
1041 2629 1122 2698 filius,
1145 2630 1191 2703 qui
1207 2629 1282 2686 timet
1307 2630 1456 2687 Dominum
1482 2639 1509 2686 et
1527 2631 1645 2687 honorat
1660 2639 1795 2703 patrem,-

980 2721 1053 2777 uude
1076 2719 1224 2776 Malachiae
1243 2719 1296 2775 :Si
1317 2720 1455 2776 Dominus
1471 2735 1544 2788 sum,
1567 2720 1669 2778 abicit
1695 2722 1783 2778 timor

979 2813 1082 2866 meus?
1100 2809 1130 2865 Si
1141 2812 1233 2881 puter,
1251 2808 1299 2863 ubi
1318 2812 1360 2863 ert
1375 2809 1472 2864 homor
1486 2812 1587 2864 metir?
1601 2807 1780 2880 (Mulucha).

979 2899 1013 2953 Et
1028 2904 1071 2952 est
1085 2913 1182 2951 servus
1198 2895 1244 2966 qui
1259 2895 1336 2951 timet
1349 2912 1468 2967 poenam,
1485 2897 1534 2952 sed
1548 2911 1604 2952 non
1617 2895 1709 2971 diligit
1720 2896 1785 2968 jus·

574 3031 580 3066 :
592 3014 695 3069 Anima
718 3031 779 3087 Μ
790 3016 927 3086 peccam-t,
979 2986 1076 3041 titiam.
1093 2986 1127 3040 Et
1138 2984 1202 3057 quia
1212 2985 1247 3039 de
1257 2984 1400 3039 timoribus
1416 2982 1445 3039 srt
1464 2985 1576 3053 mentio,
1588 2985 1734 3042 sciendum
1743 2994 1786 3042 est

943 3075 1080 3146 Cpraeter
1095 3073 1249 3129 naturalem
1262 3072 1399 3143 timorem,
1415 3073 1461 3145 qui
1476 3074 1602 3129 omnibus
1617 3073 1701 3142 inest,
1718 3090 1787 3147 qus·

979 3171 1041 3218 tuor
1055 3178 1116 3218 csse
1140 3161 1267 3227 timores,
1284 3162 1388 3218 scilicet
1405 3178 1411 3218 :
1428 3162 1604 3233 mundanum,
1631 3163 1680 3235 qui
1693 3163 1784 3220 malus

979 3259 1022 3306 est
1037 3266 1088 3306 nee
1103 3266 1118 3305 a
1133 3251 1212 3318 De03
1230 3257 1257 3305 et
1272 3250 1411 3321 servilem,
1428 3251 1475 3323 qui
1488 3251 1577 3306 bonus
1592 3260 1634 3306 est
1649 3252 1781 3323 etalleo,

979 3340 1098 3396 sednon
1112 3347 1154 3394 est
1180 3338 1317 3396 sufficiens
1329 3359 1336 3407 ;
1362 3339 1513 3407 initialem,
1531 3340 1577 3411 qui
1596 3340 1687 3396 bonus
1700 3348 1743 3396 est
1755 3348 1784 3398 et

980 3427 1135 3494 sufficiens;
1152 3434 1178 3483 et
1192 3436 1307 3494 castum,
1324 3428 1369 3499 qui
1384 3429 1472 3484 bonus
1487 3435 1529 3484 est
1544 3428 1737 3499 ctpcriiciens,
1747 3429 1782 3486 de

978 3532 1032 3589 quo
1047 3516 1091 3572 hic
1106 3517 1195 3587 agitur
1207 3534 1214 3571 :
1224 3517 1286 3589 lpse
1296 3517 1500 3589 enimpenerut
1514 3533 1566 3574 nos
1579 3518 1654 3586 fitur
1667 3519 1770 3575 ilcila

977 3623 1030 3679 quo
1043 3607 1212 3662 ominamur.
1230 3606 1288 3661 lloc
1309 3604 1408 3660 iterum
1424 3622 1457 3661 ex
1471 3605 1544 3662 dono
1559 3605 1690 3678 Spiritus,
1707 3606 1783 3679 quod

977 3695 1014 3751 ita
1027 3710 1079 3750 nos
1093 3694 1157 3751 facit
1173 3695 1294 3751 clamare
1310 3695 1393 3761 ibbo,
1406 3695 1555 3762 Hebraice,
1571 3699 1659 3768 pater
1672 3696 1782 3753 Latine.

977 3791 1051 3847 Abiu
1063 3794 1156 3863 puter.
1171 3791 1287 3861 Propter
1301 3798 1522 3860 sacramentum,
1564 3798 1714 3864 utrumque
1728 3807 1782 3864 po·

978 3888 1032 3943 suit
1047 3888 1204 3960 Apostolus.
1222 3889 1256 3943 Et
1270 3888 1299 3943 in
1322 3889 1451 3960 passione
1474 3888 1542 3945 dixit
1555 3890 1690 3958 Christus,
1707 3891 1783 3948 Aaou

977 3981 1068 4048 poter,
1082 3977 1146 4048 quia
1159 3977 1284 4034 Ecclesia
1295 3985 1336 4032 est
1351 3977 1385 4033 de
1396 3986 1512 4050 utroque
1521 3979 1634 4050 populo,
1648 3979 1696 4035 cui
1704 3994 1782 4036 com-

976 4065 1084 4136 patiens
1098 4065 1127 4120 in
1141 4082 1171 4121 se
1186 4065 1306 4121 ostendit
1325 4065 1396 4121 filios
1411 4067 1469 4135 ejus
1494 4069 1642 4139 (martyres
1657 4068 1782 4142 scilicet)

976 4170 1031 4210 nou
1046 4154 1148 4210 debere
1163 4155 1321 4225 desperare,
1337 4154 1361 4210 si
1376 4171 1431 4227 qua
1449 4163 1573 4228 tempore
1589 4156 1733 4228 passionis
1747 4173 1783 4216 cx

975 4243 1092 4298 humana
1103 4243 1250 4317 fragilitate
1260 4242 1369 4299 tristitia
1377 4244 1490 4316 irrepat.

1012 4350 1098 4405 Vsus.
1116 4352 1158 4405 ιι.
1178 4349 1308 4418 -Quod
1331 4367 1430 4408 sumus
1452 4351 1508 4420 fittt
1526 4351 1586 4407 lici.
1606 4352 1666 4409 Hoc
1680 4368 1783 4430 recog·

936 4432 963 4494 D
977 4453 1092 4493 noscere
1107 4436 1170 4493 facit
1194 4437 1310 4509 Spiritus
1324 4447 1446 4506 sanctus,
1462 4438 1526 4493 dum
1541 4439 1569 4494 in
1593 4439 1723 4497 Ecclesia
1751 4441 1784 4499 fit

975 4525 1100 4581 remissio
1111 4534 1287 4597 peccatorum
1300 4546 1306 4593 ;
1319 4543 1402 4599 quam
1412 4528 1464 4584 etsi
1473 4536 1530 4583 tota
1539 4527 1661 4584 Trinitas
1683 4528 1780 4602 iaciat,

973 4615 1008 4670 ad
1032 4613 1163 4685 Spiritum
1187 4623 1311 4672 sanctum
1333 4624 1424 4672 tamen
1447 4615 1608 4689 intelligitur
1625 4618 1781 4689 pertinere,

973 4702 1037 4775 quia
1053 4704 1205 4759 communis
1214 4712 1254 4760 cst
1265 4703 1339 4760 Patri
1353 4713 1381 4760 et
1390 4704 1468 4774 Filio,
1481 4705 1682 4779 amborumque
1693 4707 1782 4778 unio;

157 4810 296 4866 lloriuiiu.
308 4811 370 4864 Non
383 4819 499 4879 mortua,
516 4811 581 4884 quia
598 4812 627 4867 in
640 4812 842 4869 resurrectione
857 4828 920 4870 cum
972 4807 1022 4862 W
1038 4807 1118 4864 ‘luam
1133 4790 1164 4846 fit
1179 4791 1296 4849 ⁵⁰⁰i³ffl⁸
1311 4800 1338 4849 ⁰²
1353 4794 1453 4862 ωηεν
1478 4810 1532 4866 (1¹¹³
1546 4793 1682 4852 effiiimuf
1694 4812 1784 4854 ”mm

121 4897 237 4954 mortale
251 4898 304 4954 boc
317 4896 411 4953 induet
426 4899 674 4967 immortalitatem,
692 4917 747 4957 uon
761 4902 851 4957 solum
866 4918 917 4958 ne·
970 4895 1070 4951 ⁰⁰sP¹¹⁵
1080 4880 1153 4936 ussissi
1163 4880 1224 4936 Filii
1235 4881 1294 4936 Dei·
1311 4882 1408 4939 Ussiias
1432 4883 1506 4939 essim
1520 4899 1571 4939 1¹⁰⁸
1585 4884 1777 4960 ⁰0¹¹¹Pssssi¹¹⁸²s

120 4986 234 5041 cessitas
249 4985 394 5054 moriendi,
410 5003 492 5058 quam
506 4989 588 5044 modo
603 4990 686 5045 habet
700 4998 812 5062 propter
820 5006 918 5063 pecca·
968 4984 1051 5041 (luam
1064 4967 1129 5026 sicii
1144 4969 1273 5039 chimisi
1285 4987 1346 5043 ‘1¹1²e
1360 4987 1416 5027 ⁰⁰¹1
1430 4980 1473 5028 0⁵²
1486 4972 1539 5028 nisi
1554 4987 1571 5028 ⁸
1594 4972 1701 5044 Spiritu
1711 4989 1767 5031 ⁸⁸11

118 5079 185 5141 tum,
202 5074 251 5130 sed
265 5090 317 5132 nec
331 5074 498 5143 mortalitas,
519 5092 600 5149 quam
615 5078 710 5134 habuit
731 5095 832 5150 corpus
852 5078 915 5136 ani-
966 5064 1020 5113 ⁰²⁰·
1032 5058 1097 5114 ΗΜ
1111 5057 1247 5129 di⁰¹¹¹¹²¹¹sr
1260 5066 1290 5115 ¹¹²
1299 5076 1422 5118 amem
1431 5060 1573 5128 ”finitimi
1584 5068 1613 5117 0²
1622 5060 1777 5121 ‘immin

116 5161 187 5217 male
202 5169 264 5217 ante
278 5170 430 5233 peccatum,
451 5165 612 5221 remanebit.
964 5145 1176 5217 sePfflfifflem·

151 5252 497 5323 Propicrinhebiiouiem.
511 5253 913 5327 Evidentissimeapparetnon
999 5261 1084 5316 Vsus.
1102 5263 1145 5317 tt.
1163 5292 1198 5303 -
1216 5264 1345 5321 lloercder
1367 5265 1426 5320 Etsi
1450 5281 1507 5322 non
1529 5265 1648 5323 decedat
1673 5267 1771 5340 Deus,

114 5345 220 5394 tantum
235 5339 368 5423 Spiritus,
386 5340 532 5397 sedetiam
555 5343 681 5415 corporis
695 5352 783 5400 morte
798 5355 912 5417 propter
962 5349 1035 5421 quod
1049 5349 1148 5406 dicitur
1171 5351 1298 5407 humanis
1320 5353 1438 5427 legibus.
1459 5355 1509 5411 Vel
1523 5355 1650 5423 decedet,
1665 5363 1695 5412 ut
1711 5374 1781 5414 non-

112 5436 256 5498 peccatum
271 5429 408 5485 hominem
423 5432 566 5503 meruisse,
584 5439 610 5487 et
625 5448 675 5502 per
705 5433 836 5504 Spiritum
850 5450 911 5490 san·
960 5436 1083 5493 videatur
1096 5455 1147 5510 per
1161 5441 1302 5510 speculum
1324 5442 1352 5496 in
1366 5442 1510 5517 aenigmate
1532 5443 1603 5500 sicut
1617 5460 1703 5513 nunc,
1716 5446 1770 5504 sed

110 5522 194 5585 ctum,
211 5525 356 5589 utrumque
370 5517 515 5575 liberatum
529 5537 547 5576 a
562 5520 680 5576 Christo.
958 5524 1027 5583 facie
1044 5527 1080 5583 ad
1099 5526 1207 5585 faciem.
1233 5531 1324 5586 Potest
1344 5531 1425 5587 etiam
1440 5532 1511 5599 dici,
1537 5533 1611 5604 quod
1636 5533 1769 5592 Christus

146 5605 232 5662 Vsus.
248 5610 292 5663 ts.
303 5635 338 5648 -
347 5608 377 5665 st
386 5612 483 5668 cutem
498 5610 617 5682 Spiritu.
630 5609 680 5666 Vel
694 5609 797 5682 Spiritu
812 5619 907 5670 sancto
956 5623 1041 5688 caput
1053 5625 1178 5674 nostrum
1194 5618 1230 5675 ad
1244 5619 1401 5692 passionem
1424 5620 1576 5690 decedens,
1602 5621 1686 5680 nobis
1701 5624 1771 5682 reli·
