3772 6112
135 264 204 318 1083
408 258 609 316 WALAFRiDi
627 257 750 315 sintii
768 257 868 314 FULD.
887 256 976 314 iton.
995 255 1073 314 OPP.
1092 257 1180 315 PARS
1198 257 1245 313 ill.
1265 286 1301 300 ·-
1319 256 1486 314 canulas.
1723 232 1797 316 ioat'

137 386 216 458 Saepe
232 385 305 459 qnod
320 384 441 458 adjungo
458 382 571 439 alterins
590 381 751 453 ploratibus,
776 399 861 438 unum
884 390 934 451 est,
947 383 976 445 Α
989 381 1178 455 linitipiioshit
1191 397 1272 453 opem
1286 381 1431 438 veniarum
1445 380 1500 438 fine
1514 380 1618 438 tuturo.

137 474 218 545 Quod
233 474 324 530 nullus
338 473 431 550 magni
444 470 580 544 protertur
593 471 729 544 dogmatis
743 471 843 528 haeres.

135 563 242 620 Praedia
256 571 328 619 tanta
342 569 438 618 vacant
452 560 528 617 nullo
543 561 633 617 vineta
647 561 763 627 colente,

135 653 250 725 Deperit
265 652 393 709 abconsis
407 650 539 722 sapientia
554 650 653 706 mentis
668 650 704 706 ab
718 666 779 706 usu.

987 470 1143 527 Adveniens
1160 486 1210 526 sua
1223 471 1298 528 dona
1311 472 1386 527 Deus
1400 486 1464 528 cum
1477 485 1545 542 pace
1560 470 1700 544 requirat,

986 560 1132 618 Multorum
1146 560 1218 633 quod
1233 568 1328 626 sancta
1341 558 1431 616 serant
1444 559 1579 616 tutamina
1587 560 1681 617 nobis.

986 650 1060 706 lnter
1073 650 1203 707 convivas
1217 647 1342 705 residens
1356 648 1507 723 dulcesque
1521 657 1648 706 catervas

135 742 250 809 Dicitur,
266 742 318 797 heu
327 740 439 809 misero,
455 739 576 812 quidum
591 739 674 808 cadit,
691 739 750 810 ipse
764 738 901 796 levantem
986 738 1084 794 Audivi
1097 738 1212 810 cupidus
1226 738 1309 810 prisci
1324 738 1451 795 convivia
1466 746 1564 807 cretus,

133 831 195 887 Non
208 830 301 899 hahet,
317 829 364 885 ille
375 829 447 899 jacet
461 836 559 886 cuncto
578 828 743 884 miserabilis
757 827 828 897 orbi,

133 919 174 975 i'u
187 918 279 974 fratris
293 918 480 974 desertanttni
492 917 658 987 jamsemina
668 914 770 989 pmier.

133 1007 195 1064 Non
210 1016 322 1079 torpore
336 1016 423 1074 vacat,
441 1015 537 1063 sancta
551 1007 624 1079 quod
638 1007 701 1080 iege
712 1006 823 1075 jubetur
837 1020 844 1075 ;

133 1098 181 1153 Est
196 1097 245 1158 sed
261 1096 441 1164 fructiferum,
459 1096 482 1151 si
497 1097 558 1169 quis
573 1096 623 1150 sub
638 1096 701 1167 lege
715 1094 827 1167 potitur,

131 1185 239 1242 Decidit
254 1184 300 1242 iile
314 1185 390 1251 mihi,
408 1184 513 1241 vicibus
528 1200 610 1240 nemo
623 1184 697 1239 iliius
712 1189 791 1239 astat.

986 826 1039 896 Qui
1053 835 1182 899 pascente
1197 829 1256 884 Deo
1270 828 1368 885 meruit
1382 827 1501 884 saturier
1516 827 1578 899 ipso

984 917 1102 973 Panibus
1115 934 1149 972 ex
1163 917 1263 990 quinis,
1279 924 1337 972 tum
1351 916 1474 990 piscibus
1489 917 1587 973 ordine
1603 917 1688 974 binis.

985 1005 1052 1076 Qiiae
1065 1022 1127 1062 cum
1142 1022 1170 1061 re
1183 1005 1252 1063 iacta
1267 1006 1391 1078 pendunt
1405 1007 1536 1079 mysteria
1551 1015 1639 1074 certa,

984 1096 1090 1151 Adsunt
1104 1103 1130 1151 et
1144 1095 1224 1150 nobis
1238 1111 1288 1167 per
1303 1096 1395 1152 suavia
1409 1095 1482 1151 dona
1497 1096 1625 1152 Creontis

984 1184 1079 1249 Panes,
1096 1183 1230 1255 pisciculi,
1245 1183 1336 1239 blandi
1350 1200 1458 1257 qnoque
1472 1185 1553 1256 copia
1567 1185 1663 1249 musti,

130 1274 244 1330 Feronia
258 1273 370 1346 pulchra
379 1273 463 1341 dedit,
473 1273 574 1330 victum
590 1273 652 1345 quis
672 1271 788 1344 porrigit
802 1272 934 1329 arctum?
982 1271 1097 1344 Semper
1111 1272 1213 1345 ubique
1227 1272 1284 1327 suis
1298 1272 1363 1345 quia
1376 1273 1422 1329 dat
1433 1272 1532 1329 solatia
1546 1275 1648 1343 serris,

131 1363 259 1420 Vestibus
274 1363 388 1429 ornavit,
406 1363 511 1434 praehet
526 1362 587 1435 quis
603 1361 725 1433 tegmina
739 1361 862 1434 grossa?

130 1453 335 1525 innumerisque
351 1453 430 1507 honis
445 1451 572 1508 meritum
588 1456 766 1522 superaverat
778 1465 878 1515 omne;

984 1360 1080 1418 Omnia
1094 1362 1139 1434 qui
1154 1361 1275 1418 condens
1291 1370 1405 1418 renovat
1420 1363 1562 1434 pereuntia
1578 1362 1715 1419 clemens.

983 1451 1090 1506 interea
1104 1450 1191 1506 dulcis
1206 1451 1294 1506 iertur
1306 1450 1373 1505 mihi
1388 1451 1513 1506 normula
1528 1451 1625 1522 piscis,

131 1539 197 1610 Quis
209 1540 278 1625 mihi
292 1556 364 1599 nunc
377 1541 479 1597 misero
498 1540 613 1598 verbum
636 1540 807 1595 demonstrat
827 1537 932 1596 adhor·
982 1540 1098 1597 asconis
1112 1540 1204 1605 calidi,
1220 1540 1344 1612 sequitur
1358 1558 1406 1596 vas
1421 1540 1540 1614 denique
1555 1540 1652 1607 musti,

779 1625 875 1701 [tansi
982 1628 1111 1700 Optatam
1125 1637 1152 1685 et
1165 1629 1294 1696 calidum,
1309 1628 1386 1701 large
1400 1630 1434 1686 de
1446 1629 1571 1701 principe
1585 1630 1713 1698 missum,

20 1783 25 1789 ,
127 1720 249 1776 linnaies
264 1735 416 1776 memorare
431 1720 490 1775 dios
504 1726 676 1790 mortemque
692 1726 787 1773 notare

128 1807 196 1877 Quis
211 1808 305 1885 cogiti
320 1809 372 1863 nisi
389 1808 506 1865 sollicita
519 1808 570 1863 suh
585 1815 675 1863 mente
688 1814 824 1871 retractet,

127 1896 270 1952 Proximus
284 1913 346 1952 esse
362 1897 413 1951 sibi
425 1897 532 1967 jussum
546 1895 581 1952 de
595 1896 705 1951 nomine
720 1893 830 1960 Christi,

127 1984 169 2040 Ne
184 1983 302 2040 iraterna
317 2001 367 2041 suo
382 1984 492 2041 tollatur
505 1984 541 2041 ah
556 1984 651 2040 ordine
665 1983 768 2055 proles.

941 1719 1074 1807 Biibbas
1089 1717 1163 1789 qnod
1166 1759 1219 1774 .....
1235 1726 1248 1753 ·
1263 1718 1413 1774 transmisit
1426 1717 1508 1774 laude
1523 1717 1668 1775 colendus.

983 1806 1152 1879 Quemquam
1167 1806 1318 1873 laudarem,
1335 1807 1359 1862 si
1377 1815 1480 1863 tanturn
1501 1815 1612 1880 tempus
1636 1808 1782 1865 haber-emi

981 1894 1060 1965 Quod
1075 1911 1137 1950 nox
1153 1904 1182 1950 ut
1197 1895 1277 1967 coepi,
1294 1895 1436 1951 subierunt
1450 1912 1556 1968 organa
1571 1897 1657 1970 signi,

980 1984 1059 2055 Quod
1074 1984 1173 2040 Christi
1187 1984 1297 2039 solitum
1312 1985 1416 2041 monuit
1433 1985 1595 2057 persolvere
1611 1993 1717 2043 votum.

128 2075 193 2130 iiaec
205 2073 263 2143 J'am
277 2073 349 2130 dicta
364 2074 450 2148 legas,
467 2075 546 2129 Pater
557 2073 669 2144 optime,
681 2071 763 2128 corde
774 2077 928 2142 receptans,
980 2073 1068 2143 Quem
1081 2074 1147 2129 dum
1161 2081 1268 2145 tempus
1283 2073 1344 2141 erit,
1361 2075 1483 2148 gaudens
1497 2090 1561 2130 mea
1575 2075 1655 2131 ilusa
1664 2075 1779 2144 sonabit,

125 2163 232 2219 Exhinc
248 2177 309 2218 esse
324 2163 391 2217 mihi
406 2162 518 2236 dignare
533 2160 657 2230 affabilis,
676 2168 756 2233 atque

131 2250 223 2308 liebus
237 2251 264 2306 in
278 2251 393 2308 occultis
408 2260 531 2308 nostrum
547 2250 636 2306 solare
650 2250 786 2305 dolorem.

127 2349 278 2407 Scintillam
292 2358 432 2422 portamus
446 2349 529 2420 enim,
546 2363 628 2422 qnam
639 2347 661 2403 si
672 2346 733 2423 quis
745 2345 874 2417 adauget,

158 2487 171 2515 s
186 2477 260 2521 rorte
271 2475 390 2523 Grimntd.
405 2478 441 2522 in.

980 2161 1203 2234 Centuplicatqne
1218 2162 1325 2228 modos,
1342 2162 1420 2233 spatii
1434 2179 1503 2235 quos
1518 2163 1625 2219 deserit
1639 2180 1747 2221 exsors.

981 2252 1089 2306 interea
1103 2250 1201 2317 valeat,
1217 2250 1336 2323 felixque
1350 2268 1401 2323 per
1415 2251 1504 2306 omnia
1519 2262 1625 2326 surgat,

980 2340 1069 2397 Laetns
1084 2348 1111 2398 et
1124 2340 1153 2398 in
1171 2340 1263 2411 terris,
1277 2340 1385 2416 superis
1398 2339 1505 2399 letetur
1519 2341 1547 2400 in
1563 2341 1634 2401 oris.

568 2675 625 2738 DE
654 2671 843 2737 SINGULIS
872 2663 1208 2732 FESTlVlTATlBUS
1237 2665 1348 2727 ANNI.

801 2779 1054 2798 m

376 2865 409 2920 ia
425 2864 579 2921 Nativitate
596 2863 712 2920 Christi.

122 2972 208 3027 Natus
223 2971 295 3027 enim
310 2979 352 3027 est
365 2971 447 3027 hodio
461 2979 535 3026 sator
550 2979 632 3043 atque
647 2969 815 3039 redemptor,

193 3060 317 3115 Christus
333 3060 367 3115 de
382 3060 466 3114 hieria
484 3059 594 3131 Virgine
609 3057 695 3113 iactus
709 3058 810 3111 homo:

123 3148 157 3206 Ut
170 3164 222 3204 nos
236 3155 377 3204 consortes
392 3154 494 3203 sanctae
509 3146 622 3201 Deitatis
638 3145 762 3212 haberet,

192 3235 336 3292 llnndatos
352 3235 425 3291 vitiis
441 3243 467 3290 et
481 3234 598 3306 placitos
613 3234 728 3290 meritis.

405 3342 438 3398 in
454 3342 557 3399 Octavo
570 3342 693 3399 Domini.

119 3456 231 3529 Accepit
246 3463 272 3513 et
286 3473 386 3514 nomen
396 3459 455 3528 jnm
470 3458 649 3515 circumcisus
664 3459 751 3525 lesus,

173 3547 208 3604 Ut
218 3546 365 3603 mundatus
379 3549 460 3604 homo
475 3548 510 3602 sit
525 3547 761 3603 soholesDomini.

403 3657 436 3711 ln
452 3656 625 3729 Epiphanio.

116 3763 228 3818 ilunera
243 3762 396 3833 suscipiens
410 3762 502 3837 dignis
513 3763 639 3835 apparuit
654 3761 724 3834 ipse,

188 3851 233 3908 Sic
247 3852 308 3923 pins
322 3852 470 3908 adveniens
484 3869 597 3907 munera
612 3860 705 3908 nostre
720 3851 806 3908 videt.

329 3966 362 4022 ln
380 3968 537 4041 ippoponti
551 3966 740 4040 [Hypapantel.

115 4071 168 4142 Qui
187 4073 246 4129 sine
260 4080 372 4145 peccato
387 4073 414 4128 in
429 4075 530 4146 templo
546 4084 588 4129 est
602 4074 710 4130 oblatus
723 4074 758 4129 ad
773 4090 860 4142 aram,

167 4162 225 4217 Nos
239 4170 395 4235 peccatores
410 4161 509 4218 adsue
523 4171 591 4220 tecta
606 4170 696 4219 vocat.

114 4250 195 4321 Cujus
209 4259 297 4306 mater
311 4252 399 4318 adest,
415 4260 500 4307 mater
515 4253 564 4308 sed
578 4253 662 4326 Virgo
677 4252 805 4323 perennis

185 4340 328 4396 Permanet
356 4349 420 4396 nato
435 4339 588 4414 glorificata
604 4356 663 4396 suo.

383 4459 416 4513 ln
429 4458 651 4531 septuagesimo.

110 4563 182 4620 Ecce
200 4578 329 4633 paramur
344 4565 417 4620 enim
431 4572 544 4621 ventura
558 4566 592 4621 ad
607 4565 678 4622 testa
691 4565 816 4635 colenda,

183 4652 302 4708 llorihns
317 4652 344 4707 in
359 4654 460 4710 sanctis
474 4655 556 4710 corda
571 4671 669 4726 parare
680 4656 767 4725 juvat.

358 4770 390 4824 ln
409 4769 638 4844 Quadrupesima.

113 4879 243 4954 Exempto
257 4886 365 4943 Domini
377 4888 482 4957 Jejunia
495 4888 619 4961 corporis
633 4896 707 4944 extre

183 4970 338 5043 lncipimus,
364 4985 470 5033 mentes
499 4979 653 5034 abstineant
674 4979 756 5036 vitiis.

431 5094 464 5147 lrt
480 5095 597 5150 Pataris.

111 5187 198 5245 Obvia
213 5190 293 5246 turba
306 5193 352 5264 pio
366 5197 459 5253 stravit
475 5215 525 5254 sua
540 5200 660 5272 tegmina
675 5202 791 5271 Christo,

162 5279 220 5334 Nos
235 5288 262 5335 ut
276 5280 304 5336 in
315 5281 358 5336 his
373 5285 475 5355 sedent,
492 5303 610 5361 corpora
624 5300 719 5348 nostra
734 5293 844 5350 damus.

431 5404 466 5457 De
482 5406 623 5463 Paschae.

110 5505 159 5563 ille
173 5519 292 5572 crucem,
305 5505 413 5578 plagas,
430 5507 533 5581 alapas,
544 5521 622 5583 sputa
631 5529 730 5586 aspera
743 5533 852 5588 passus,

181 5592 307 5651 Ostendit
321 5605 420 5668 quanta
435 5605 461 5653 te
475 5599 594 5655 tolerare
605 5601 692 5657 decet.

48 5820 50 5825 Ι
128 5748 230 5803 ament,
247 5744 351 5811 nuci,
361 5748 414 5799 not.
423 5757 470 5798 ms.

1091 2917 1096 2925 ,
1246 2858 1284 2912 De
1298 2858 1523 2914 Resurrectione.
1601 2837 1613 2854 ⁹

975 2950 1087 3007 Tartara
1100 2951 1266 3024 despolians,
1282 2952 1389 3010 devicta
1402 2962 1490 3009 morte
1505 2971 1672 3030 resurgens,

1028 3042 1062 3097 Ut
1078 3048 1104 3097 te
1118 3038 1245 3108 vivificet,
1262 3058 1342 3114 quam
1355 3042 1475 3111 iacuisse
1491 3044 1576 3111 ridet,

973 3130 1096 3185 iiortuus
1111 3138 1195 3185 estut
1208 3131 1327 3202 peccatis
1342 3131 1491 3188 moriamur
1504 3133 1654 3206 ademptis,

1026 3218 1120 3293 Surgit
1134 3228 1163 3274 ut
1177 3220 1205 3274 in
1220 3220 1281 3276 xitae
1295 3220 1387 3276 limine
1401 3221 1558 3279 constituat.

1255 3337 1288 3392 ln
1303 3337 1483 3397 recensens.

971 3449 1100 3506 Ascendit
1115 3449 1200 3506 coelos
1215 3460 1323 3523 sumpto
1337 3468 1388 3524 per
1401 3452 1483 3509 saecla
1497 3456 1648 3526 triumpho,

1041 3538 1076 3595 Ut
1091 3554 1141 3594 nos
1156 3540 1273 3596 victores
1289 3541 1429 3597 sideraad
1443 3541 1499 3598 alta
1515 3552 1607 3603 nocet.

1254 3655 1286 3710 ln
1301 3658 1475 3714 Pentecoste.

968 3758 1085 3831 Spiritus
1098 3760 1132 3815 ad
1145 3767 1233 3817 terras
1251 3763 1361 3819 Domini
1375 3764 1517 3821 descendit
1532 3766 1561 3824 in
1576 3766 1656 3842 igne,

1039 3848 1092 3919 Qui
1105 3850 1150 3904 dat
1165 3850 1323 3921 apostolicis
1335 3852 1415 3926 ignea
1428 3854 1514 3911 corda
1529 3855 1609 3914 viris.

965 3936 1030 3992 ilios
1044 3937 1144 4009 quippe
1158 3954 1209 3994 suo
1223 3939 1329 3996 relevet
1343 3943 1475 3999 tutamine
1488 3960 1630 4015 praesens,

1038 4026 1161 4095 Quorum
1175 4027 1274 4085 ardere
1289 4029 1371 4100 ridet,
1391 4039 1467 4088 casto
1485 4033 1514 4089 in
1534 4050 1630 4094 amore
1651 4036 1761 4095 animos.

1106 4142 1138 4197 in
1153 4143 1254 4201 Notata
1268 4148 1364 4202 saneti
1376 4149 1497 4206 loannis
1511 4152 1662 4225 Baptista.

929 4226 1013 4301 Dnst
1025 4244 1107 4299 hodie
1120 4254 1198 4301 natus
1213 4256 1324 4304 sanctus
1337 4250 1460 4322 Baptista
1472 4252 1605 4321 loannes,

1035 4333 1119 4403 Cujus
1132 4350 1183 4390 nos
1198 4337 1325 4407 precihus
1340 4338 1434 4395 dextra
1445 4342 1521 4411 juvet
1536 4344 1660 4401 Domini.

1048 4440 1081 4495 ln
1094 4441 1194 4497 Notata
1208 4446 1303 4501 sancti
1317 4446 1458 4519 Bontfccii
1471 4450 1694 4527 archiepiscopi.

964 4543 1070 4602 Gaudia
1082 4549 1236 4618 praesentis,
1252 4550 1373 4609 Doniiaci
1387 4563 1491 4622 sancte,
1507 4555 1564 4612 diei

1034 4636 1091 4691 Nos
1105 4636 1219 4706 salvent,
1235 4640 1352 4696 Domino
1366 4641 1448 4698 dante
1461 4643 1515 4699 tuis
1529 4646 1649 4704 meritis.

1128 4755 1160 4809 ic
1175 4755 1374 4829 irrumptione
1388 4763 1495 4815 sanctie
1511 4761 1619 4819 iiorioe.

963 4848 1048 4923 Virgo
1062 4851 1112 4907 Dei
1126 4853 1243 4923 genitrix
1257 4854 1293 4910 de
1305 4870 1422 4927 corpore
1436 4858 1520 4915 ducta
1534 4861 1639 4930 pudico

1014 4938 1045 4993 ln
1058 4940 1181 5012 requiem
1196 4942 1306 4998 Domini
1320 4945 1426 5001 transiit
1441 4961 1506 5003 ecce
1521 4949 1576 5005 sui.

962 5026 1003 5081 iid
1019 5044 1101 5099 quam
1114 5045 1164 5085 nos
1177 5032 1307 5101 precihus
1321 5035 1439 5089 transire
1450 5035 1612 5104 juvantibus
1628 5040 1689 5111 ejus

1014 5117 1129 5174 AEternae
1142 5119 1234 5189 proles
1249 5121 1363 5193 virginis
1377 5123 1448 5178 alma
1463 5125 1537 5180 velit.

1253 5238 1291 5292 De
1305 5237 1454 5311 Apostotts.

960 5348 993 5403 iii
1006 5358 1068 5405 suni
1083 5366 1152 5422 quos
1168 5360 1224 5409 toto
1237 5353 1329 5411 divina
1343 5354 1441 5413 electio
1455 5360 1560 5416 mundo

1013 5438 1101 5512 Elegit
1115 5441 1227 5512 primos,
1243 5443 1359 5515 praetulit
1373 5452 1454 5519 atque
1468 5448 1569 5519 gradu.

959 5525 1079 5597 Quorum
1093 5545 1148 5584 non
1160 5539 1173 5566 ⁸
1188 5531 1251 5588 fidei
1265 5548 1373 5605 semper
1386 5545 1527 5608 praecepta
1541 5552 1692 5612 sequentes

1010 5617 1121 5674 iliorum
1135 5619 1262 5691 precihus
1278 5638 1366 5696 regna
1377 5623 1434 5697 poli
1447 5625 1595 5699 accipiant
