3772 6112
111 215 182 269 tot‘t

749 213 796 268 DE
813 211 1007 270 VlSlONlBUS
1027 211 1200 270 WETTlNl.

1697 218 1768 275 1078

108 336 245 409 Tempore
259 350 322 390 nam
346 342 448 407 quanto
469 342 524 390 tam
548 334 628 391 foedis
651 335 779 391 sordibus
800 335 912 403 instant,
927 333 952 396 A
965 318 1089 407 Optimus
1104 351 1170 389 usus
1184 349 1274 407 aquae,
1290 334 1365 390 dedit
1388 335 1459 392 bano
1481 344 1581 393 natura
1610 339 1769 398 bibendam.

108 425 171 481 Non
186 424 296 496 capiunt
310 423 402 479 aditus
416 423 480 481 coeli
493 424 631 498 vitamque
654 424 774 480 beatam.

110 513 134 570 Ο
150 513 305 587 quicunque
319 513 401 568 malis
416 513 540 586 cupimus
554 529 605 569 nos
615 514 732 571 subdere
747 513 841 581 tantis,

111 601 217 659 lucidat
232 602 260 656 in
273 610 393 658 mentem
408 602 535 658 tormenti
549 617 632 674 poena
661 601 755 672 futuri,

110 692 205 749 Dulcis
219 691 291 747 enim
307 699 348 747 est
363 692 453 747 animo
468 692 600 764 carnique
615 691 711 758 insana
728 690 864 762 voluptas,

110 780 223 846 Durior,
239 779 306 836 beul
322 780 417 837 miseri
433 781 563 852 gravibus
578 780 761 854 plangoribus
777 779 850 854 iguis

110 870 188 925 Tunc
202 869 303 936 veniet,
319 885 381 925 cum
396 867 456 924 finis
471 869 522 925 erit
538 869 585 942 qui
607 885 745 942 quemque
761 876 918 942 sequentur.

111 957 222 1029 Quaeso,
237 958 358 1029 probare
373 957 442 1014 velis
456 958 572 1029 digitum
587 958 610 1013 si
621 957 698 1014 ferre
712 975 764 1030 per
778 958 871 1031 ignem

111 1047 192 1104 lluuc
206 1046 315 1103 facilem
330 1047 439 1118 possis;
454 1055 529 1103 certe
544 1046 657 1103 sufferre
673 1061 786 1103 recusas
804 1064 811 1102 :

109 1135 235 1206 Qualiter
247 1142 381 1191 aeternum
398 1144 452 1192 tota
473 1152 540 1191 cum
556 1136 630 1192 mole
656 1135 778 1193 calorem

63 1248 88 1296 χ
109 1224 240 1296 Corporis
256 1224 363 1281 incedis
378 1233 399 1294 ⁸,
416 1240 471 1296 quo
484 1224 587 1280 vermis
602 1232 629 1281 et
643 1224 715 1298 ignis
730 1225 759 1280 in
787 1238 876 1280 oevum

113 1314 272 1370 Consistaut
287 1312 414 1386 vitiisque
429 1314 517 1369 vicem
532 1314 598 1369 dant
611 1314 737 1369 omuibus
760 1321 859 1369 atram.

113 1403 190 1460 'lunc
207 1401 346 1457 Wettinus
361 1402 397 1457 ait
414 1420 420 1456 :
437 1402 563 1471 Domine,
583 1403 643 1460 haec
653 1400 778 1474 proferre
788 1417 918 1474 pavesco,

114 1491 181 1548 Vilis
196 1490 268 1566 enim
282 1507 401 1562 persona
413 1491 480 1547 mihi
495 1499 546 1559 est,
563 1507 613 1548 nec
637 1492 764 1564 congruit
786 1491 832 1547 isti

113 1582 127 1636 J
131 1580 220 1638 udicio
236 1580 308 1653 quod
320 1580 356 1636 ad
371 1582 505 1636 humanas
520 1581 726 1636 transmittimus
738 1596 828 1637 aures.

113 1669 236 1743 Angelus
250 1677 380 1736 econtra,
395 1685 523 1743 magnam
538 1677 677 1741 promotus
690 1670 718 1724 in
732 1670 810 1738 iram,

113 1759 220 1815 lucusat
236 1776 243 1813 :
258 1758 336 1827 Quod
351 1774 457 1815 summa
471 1759 521 1814 Dei
537 1758 670 1815 sententia
681 1758 772 1827 iussit,

112 1848 175 1904 Non
189 1847 275 1903 audes
289 1846 411 1918 proferro
425 1847 506 1920 pigro
535 1855 647 1918 torpore
672 1853 805 1902 retentus.

114 1937 182 1992 'lum
197 1937 262 1991 satis
276 1936 414 1991 admonuit
429 1936 555 2007 proprios
571 1951 737 2008 componere
760 1950 862 2002 mores,

114 2030 203 2098 Atque
218 2041 295 2080 suam
309 2024 392 2080 radiis
406 2024 490 2081 vitam
504 2024 641 2080 illustrare
656 2024 745 2081 beatis
766 2043 774 2092 3

114 2116 294 2188 Adjungens:
308 2116 369 2187 Ego
385 2130 445 2169 sum
461 2115 548 2187 quite
563 2130 675 2170 servare
683 2114 808 2183 jubebar,

114 2203 238 2278 Angelus
253 2211 279 2259 et
293 2211 385 2259 custos
399 2220 492 2258 rerum
516 2203 635 2274 persisto
656 2201 773 2258 inarum.

114 2292 203 2363 Quem
218 2293 357 2364 Scriptum
368 2293 453 2348 Vetus
468 2293 630 2348 samsonem
644 2291 736 2363 vulgat
758 2291 786 2345 in
809 2292 916 2363 orbem,

112 2382 198 2451 liujus
212 2381 240 2436 in
255 2381 356 2436 auxilio
371 2397 479 2453 semper
491 2381 627 2437 mansisse
652 2381 775 2436 colebam
802 2398 809 2437 :

114 2472 148 2527 Et
164 2470 297 2538 miranda,
314 2469 423 2526 favente
438 2471 506 2540 Deo,
524 2469 719 2541 complevimus
734 2469 825 2539 ambo,

114 2559 202 2630 Quem
217 2559 365 2614 mandante
380 2559 438 2615 Deo
453 2559 541 2630 primo
558 2559 706 2615 comitabar
719 2559 754 2613 ab
773 2565 844 2626 ortu,

113 2650 208 2705 Donec
219 2665 269 2719 per
285 2647 399 2703 Dalilam
412 2649 440 2703 iu
450 2648 559 2703 Domini
569 2656 743 2719 procurreret
756 2648 836 2714 iram,

113 2737 251 2795 Venderet
266 2746 292 2792 et
307 2745 397 2793 scorto
411 2738 531 2793 auctoris
547 2753 624 2793 saera
639 2753 752 2792 munera
768 2736 879 2805 Christi,

114 2827 176 2898 Quo
191 2826 296 2883 scelere
304 2825 420 2883 infectus
430 2826 631 2898 Dominamque
639 2829 782 2898 Deumque
797 2825 916 2898 reliquit.

112 2918 188 2973 Tunc
203 2932 257 2989 ego
272 2915 388 2973 discessi
403 2916 474 2971 vitiis
488 2914 610 2972 offensus
623 2916 658 2971 ab
676 2915 734 2971 illo.

114 3006 189 3079 Ergo
204 3021 271 3077 puer
286 3004 356 3060 bene
371 3013 462 3060 castus
477 3020 547 3073 eras,
563 3005 629 3059 mihi
652 3005 753 3077 quippe
776 3004 916 3075 placebas,

114 3095 169 3151 Sed
182 3102 326 3166 postquam
341 3093 460 3166 propriis
475 3093 581 3164 copisti
595 3093 688 3148 vivere
710 3093 790 3162 votis,

112 3183 256 3255 Displicuit
271 3190 317 3237 tua
331 3182 385 3237 vita
399 3182 475 3249 mihi,
491 3198 554 3237 narn
568 3197 667 3253 pravus
681 3181 772 3236 abisti.

113 3272 193 3329 Nunc
207 3273 303 3327 iterum
318 3271 425 3342 placido
440 3277 522 3326 temet
540 3270 706 3340 complector
715 3285 809 3325 amore

113 3362 273 3416 lloercntem
286 3359 425 3430 lacrymis,
443 3366 470 3415 et
485 3367 540 3415 toto
554 3360 639 3416 corde
653 3375 807 3415 reversum.

114 3448 258 3505 Coelicolas
272 3448 411 3503 hominum
426 3449 554 3504 custodes
569 3464 630 3504 esse
647 3456 755 3504 saerata

113 3537 218 3610 Scripta
233 3535 332 3604 femnt,
348 3537 534 3610 dominusque
549 3537 652 3593 docens
666 3536 784 3592 ostendit
794 3535 880 3601 lesus,

114 3628 184 3683 Ante
199 3627 284 3681 Patris
295 3625 394 3682 faciem
409 3634 512 3681 stantes
527 3641 640 3682 servare
665 3625 772 3691 fideles,

114 3716 202 3788 Atque
217 3715 286 3770 liber
300 3716 419 3771 Pastoris
433 3731 514 3787 opem
529 3716 695 3770 demonstrat
709 3712 845 3770 eamdem.

178 3841 283 3898 lionito
292 3857 345 3915 pro
358 3840 507 3899 monacbis
521 3861 530 3909 ,·
548 3844 690 3915 precepto
703 3837 883 3914 paupertatis

439 3930 588 3987 seruando.

114 4062 253 4121 Coenobiis
268 4062 348 4118 etiam
364 4062 560 4118 monachorum
574 4062 654 4118 valde
681 4060 849 4118 monendum
864 4066 918 4126 est,

113 4153 236 4226 Angelus
247 4152 379 4221 adjunxit,
396 4151 454 4208 vitii
464 4160 493 4206 ut
509 4152 648 4208 radicibus
669 4151 758 4208 omnis

113 4240 262 4307 Abscissis
278 4241 385 4297 vireant
399 4241 530 4296 virtutum
540 4256 666 4315 germina
681 4239 808 4312 pulchra.

111 4332 198 4401 blajor
211 4330 284 4386 euim
298 4345 429 4386 numems
443 4330 590 4385 mundanis
603 4329 685 4385 rebus
696 4329 810 4384 inhaeret

968 422 1110 497 Tegminis
1119 431 1231 479 ornatus
1245 430 1364 479 mutetur
1377 431 1407 478 ut
1421 423 1512 498 algida
1525 431 1629 481 tantum

969 510 1082 585 Frigora
1097 511 1225 583 depellat,
1241 511 1384 585 nudosque
1397 520 1426 567 ut
1441 521 1570 588 contegat
1591 521 1677 572 artus.

969 600 1046 656 biens
1060 600 1169 656 humilis
1183 601 1274 675 vigeat
1288 601 1385 656 studiis
1400 616 1455 658 nou
1469 602 1574 674 perdita
1598 601 1679 675 fictis,

969 692 1083 747 Deserat
1097 698 1123 746 et
1137 697 1222 746 totam
1234 705 1366 762 perversa
1381 690 1508 762 superbia
1518 700 1638 750 mentem
1654 709 1660 750 :

968 780 1040 835 Nam
1055 779 1164 852 quidam
1179 779 1250 835 flexa
1264 778 1367 850 placidi
1380 780 1489 837 cervice
1508 780 1644 851 videntur,

969 868 1069 925 Erecto
1085 868 1134 924 sed
1149 868 1231 924 corde
1246 875 1350 923 tument
1363 866 1477 941 falsique
1501 870 1661 942 probantur.

970 957 1086 1014 Pulcher
1099 956 1257 1029 apostolicae
1271 956 1333 1012 vitre
1345 956 1508 1029 pervertitur
1535 958 1614 1028 ordo,

969 1046 1035 1102 Cum
1050 1045 1123 1101 vitiis
1137 1045 1220 1102 variis
1233 1045 1362 1101 virtutum
1369 1046 1431 1115 jura
1458 1055 1627 1118 premuntur,

967 1135 1000 1192 m
1015 1135 1079 1191 dum
1095 1135 1146 1190 suh
1161 1135 1252 1207 specie
1266 1135 1373 1206 pietatis
1388 1136 1468 1207 culpa
1479 1135 1647 1207 subintrans,

966 1223 1083 1280 Assidue
1098 1239 1237 1289 crescens,
1254 1224 1364 1297 pmprio
1387 1224 1521 1280 retinetur
1534 1225 1562 1280 in
1586 1242 1647 1294 usu,

965 1312 1025 1367 lam
1041 1312 1115 1369 velut
1130 1329 1164 1367 ex
1179 1312 1241 1385 lege
1256 1312 1292 1367 ad
1303 1313 1394 1383 justos
1408 1312 1574 1369 describitur
1592 1321 1679 1373 actus.

970 1401 1076 1459 ldcirco
1091 1400 1213 1459 occiduis
1226 1402 1350 1458 homiues
1363 1401 1392 1456 iu
1406 1402 1528 1473 partibus
1549 1403 1631 1473 hujus

970 1488 1083 1546 Ordinis
1097 1490 1268 1557 instruimus,
1284 1506 1352 1563 quos
1367 1490 1471 1548 Gallica
1486 1506 1552 1548 rura
1566 1499 1662 1549 tenere

968 1578 1111 1647 Novimus,
1128 1587 1154 1636 et
1168 1587 1281 1637 cunctos
1295 1595 1364 1652 quos
1379 1580 1437 1636 baec
1453 1580 1600 1637 Germania
1615 1580 1716 1655 gignit,

927 1696 956 1760 B
971 1668 1131 1739 Pauperiem
1145 1676 1174 1723 ut
1189 1685 1281 1725 veram
1296 1669 1395 1724 devota
1408 1677 1500 1725 mente
1522 1677 1681 1742 sequantur,

969 1757 1054 1812 lanua
1069 1773 1104 1812 nc
1118 1757 1180 1813 oeli
1196 1766 1291 1814 contra
1305 1757 1448 1814 claudatur
1462 1757 1558 1814 iisdem

967 1844 1081 1918 ludique
1096 1846 1201 1916 depulsi
1216 1853 1331 1918 parcant
1345 1846 1397 1900 suh
1411 1844 1533 1902 faucibus
1547 1846 1619 1918 ignis
1635 1865 1643 1914 ;

967 1931 1088 2002 Qualiter
1095 1934 1267 2004 omnipotens
1277 1934 1503 1990 hominumSator
1515 1943 1598 2007 atque
1604 1935 1770 2008 Redemptor

966 2022 1020 2076 Per
1033 2036 1077 2077 me
1091 2021 1205 2077 terribili
1220 2022 1325 2077 cunctis
1341 2037 1467 2077 sermone
1484 2023 1638 2078 remandat.

966 2110 1032 2167 llaec
1046 2111 1112 2166 satis
1125 2127 1187 2166 esse
1202 2110 1298 2165 videns
1314 2109 1367 2165 illis
1382 2110 1448 2165 nihil
1464 2111 1567 2168 addere
1589 2127 1713 2184 possum,

968 2198 1019 2269 Qui
1035 2199 1097 2256 vitae
1111 2199 1216 2255 meritis
1226 2198 1327 2254 debent
1341 2198 1499 2270 praecellere
1514 2208 1638 2268 cunctos,

968 2287 1020 2358 Qui
1035 2290 1167 2345 mundum
1182 2286 1274 2344 fixisse
1289 2287 1350 2354 sibi,
1367 2289 1525 2360 mundoque
1549 2287 1627 2346 refixi

967 2378 1123 2444 Fumantur,
1134 2377 1207 2451 quod
1220 2376 1320 2450 quippe
1336 2379 1393 2433 Deo
1402 2377 1582 2449 promisimus
1596 2392 1691 2434 omnes
1707 2397 1714 2433 ε

968 2466 1076 2523 Scimus
1091 2467 1163 2523 enim
1179 2468 1343 2523 documenta
1358 2468 1476 2535 Petrum,
1503 2466 1625 2540 finesque
1643 2455 1769 2541 viasque,

969 2555 1098 2624 Quotidie
1113 2556 1247 2627 crepitant
1261 2556 1394 2611 librorum
1409 2556 1492 2611 verba
1506 2573 1555 2628 per
1569 2572 1659 2614 aures.

969 2645 1102 2717 lupugnat
1117 2646 1235 2700 mundus
1252 2663 1259 2700 ε
1275 2644 1339 2700 felix
1354 2645 1400 2717 qui
1415 2644 1515 2719 fugerit
1524 2645 1621 2713 illum,

968 2734 1001 2789 Et
1016 2743 1078 2806 post
1091 2742 1169 2809 terga
1183 2734 1292 2791 oculum
1307 2735 1352 2807 qui
1368 2734 1473 2790 mittere
1484 2734 1549 2791 vitat
1564 2735 1591 2790 in
1614 2751 1713 2791 arvum.

969 2921 1110 2977 invideas
1125 2921 1290 2977 abbatissas.
1308 2921 1371 2978 Alio
1386 2925 1525 2994 proeceptc
1549 2922 1654 2995 carpeti.
1674 2923 1767 2979 Pestis

1108 3026 1204 3066 coisse.
1224 3011 1334 3067 Ceroldt‘
1346 3012 1457 3067 comitis
1467 3012 1641 3069 massicata.

967 3133 1128 3208 Quantaque
1143 3133 1268 3190 femineis
1282 3144 1427 3191 nascantur
1451 3136 1551 3192 damna
1576 3136 1694 3193 catervis

967 3223 1028 3294 Quo
1042 3224 1124 3297 [quael
1140 3223 1244 3280 servire
1258 3225 1316 3279 Deo
1330 3226 1525 3280 monachorum
1540 3241 1616 3281 more
1637 3233 1767 3283 suescunt

966 3313 1089 3385 Angelus
1104 3328 1244 3383 exponens
1260 3330 1266 3367 ι
1283 3311 1493 3385 Quamplurima
1506 3314 1648 3382 daemonis,
1669 3315 1767 3387 inquit,
1835 3320 1843 3341 '

967 3401 1054 3457 Ldbra
1069 3401 1165 3469 virent,
1177 3402 1338 3473 lucrumque
1354 3402 1405 3457 Dei
1420 3411 1498 3474 tepor
1512 3412 1629 3475 occupat
1656 3404 1766 3478 ingens,

967 3488 1070 3546 Ordine
1085 3488 1199 3545 confuso
1213 3488 1310 3545 mulier
1323 3490 1504 3560 dummortua
1514 3491 1582 3548 vivis

966 3576 1120 3643 Praefertur‚
1132 3577 1196 3650 quis
1211 3577 1317 3634 deliciis
1330 3578 1438 3633 viduata
1457 3580 1553 3636 marito

967 3664 1110 3722 Sufficiens
1124 3666 1215 3722 functa
1230 3674 1281 3732 est,
1296 3667 1441 3737 prohibent
1456 3682 1539 3740 quam
1554 3684 1744 3742 vaveregazae,

968 3756 1102 3825 Subiecta}
1117 3764 1143 3812 et
1157 3755 1226 3812 vivae
1240 3756 1335 3811 mortis
1349 3755 1469 3812 confinia
1483 3765 1604 3826 sumunt,

969 3847 1039 3901 lium
1054 3844 1134 3901 lactis
1146 3860 1277 3916 perversa
1289 3845 1346 3901 suis
1360 3845 1483 3917 exempla
1497 3853 1657 3919 sequuntur.

969 3943 1013 3999 Sic
1024 3944 1174 4015 perduntur
1188 3959 1255 4015 opes
1270 3960 1336 4016 quas
1359 3959 1525 4018 congessere
1546 3943 1644 4001 fideles

969 4041 1011 4096 Ad
1026 4040 1242 4096 conservandum
1253 4041 1298 4110 jus
1313 4040 1474 4113 virginitatis
1484 4043 1605 4100 honestae
1624 4061 1631 4101 :

970 4137 1076 4209 Accipit
1089 4139 1139 4193 has
1153 4137 1247 4194 sitiens
1261 4138 1377 4195 labentia
1391 4139 1493 4213 gaudia
1514 4140 1608 4197 mundi

970 4238 1055 4309 lnque
1070 4236 1235 4308 voluptatem
1249 4236 1300 4293 fert
1315 4237 1406 4294 sobria
1420 4239 1492 4294 dona
1505 4238 1649 4297 nefandam
1665 4255 1673 4296 t

970 4334 1042 4391 vivit
1057 4335 1129 4391 enim
1144 4335 1233 4410 virgo,
1249 4345 1364 4392 mortem
1380 4336 1518 4394 scelerosa
1533 4339 1644 4395 subibit.

112 4420 200 4490 Quam
214 4419 270 4492 sui·
287 4436 317 4475 se
332 4419 488 4475 scimusne
502 4420 561 4475 neo
584 4418 747 4490 monitisque
775 4417 915 4490 supernis,
929 4421 956 4484 Ι)
971 4434 1093 4506 benique
1105 4434 1163 4504 jam
1176 4435 1265 4491 uuus
1278 4436 1388 4508 capiunt
1402 4437 1466 4493 uum
1479 4439 1542 4508 jura
1564 4437 1680 4512 regendi
1745 4507 1751 4526 ι

109 4511 175 4566 Haec
187 4510 221 4565 ad
235 4517 325 4564 castra
338 4507 427 4565 ferant
441 4509 579 4580 vitamque
593 4507 709 4564 fideliter
723 4515 821 4564 ornent
848 4525 856 4573 ς

110 4597 205 4655 Nescit
218 4597 291 4653 enirn
305 4596 424 4654 camelis
439 4598 520 4654 bomo
535 4597 607 4670 quod
631 4595 747 4668 Spiritus
773 4595 839 4650 almi
863 4603 917 4653 est.

110 4686 220 4743 Viribus
234 4686 338 4742 idcirco
352 4687 415 4742 totis
430 4695 536 4743 certare
551 4701 665 4743 necesse
680 4692 721 4741 est

109 4775 230 4831 Camalis
245 4791 280 4831 ue
294 4776 374 4831 turba
388 4784 495 4847 premat
510 4790 589 4833 saera
603 4775 735 4846 dogmata
751 4773 825 4839 vitae,

111 4864 237 4920 Pondere
250 4880 304 4921 neu
320 4864 453 4920 scelerum
468 4863 597 4936 frigescat
611 4863 711 4938 pignus
724 4863 827 4919 amoris

112 4953 222 5019 AEtemi,
240 4954 286 5025 qui
299 4952 376 5025 plura
391 4960 464 5009 tenet
478 4968 527 5024 spe
542 4961 653 5025 pectora
668 4960 771 5011 sancta

111 5041 216 5098 Vulnus
231 5041 351 5098 avaritie
366 5041 548 5098 medicamina
562 5050 655 5100 sancta
677 5042 822 5114 repellant,

110 5130 171 5200 Qua
188 5130 348 5186 dominante
363 5130 472 5185 humilis
487 5130 516 5186 fit
530 5146 611 5186 nemo
624 5131 653 5187 in
667 5131 777 5187 nomine
801 5130 912 5198 Christi,

111 5219 190 5277 Unde
206 5218 298 5291 polum
314 5227 459 5291 penetrare
473 5226 573 5291 potest.
590 5219 640 5275 Cui
653 5235 721 5277 cura
744 5220 878 5277 subintrat

113 5308 266 5383 ingluviem
281 5308 367 5365 vitare
382 5307 436 5365 cibi
449 5316 593 5381 potusque,
610 5323 753 5364 monemus

112 5397 257 5455 Sufficiens
271 5405 298 5454 et
311 5413 394 5470 parva
406 5397 516 5470 quidem
531 5398 566 5455 sit
579 5396 677 5470 pensio
705 5397 804 5464 victus,

138 5607 281 5656 ¹1uceadts
303 5607 405 5665 nand..
420 5609 472 5655 not.
497 5617 543 5655 ms.

970 4531 1134 4587 Subvcrtunt
1147 4547 1259 4603 pravam
1269 4531 1345 4601 justo
1354 4534 1494 4590 molimine
1518 4535 1599 4591 vitam
1617 4554 1624 4599 ;

969 4626 1102 4684 Sordibus
1115 4643 1131 4682 e
1146 4627 1232 4682 solitis
1246 4642 1340 4699 pauore
1354 4644 1384 4684 se
1399 4629 1509 4686 demere
1534 4637 1659 4702 possunt,

967 4726 1022 4781 Sed
1037 4741 1125 4797 neque
1138 4724 1283 4782 concubitu
1298 4725 1423 4797 quadam
1438 4742 1549 4783 cessare
1569 4728 1729 4800 probantur.

967 4820 1011 4877 Sic
1027 4822 1140 4877 seducta
1154 4821 1253 4877 cohors
1268 4822 1390 4894 sequitur
1403 4838 1453 4895 per
1475 4831 1573 4880 cuncta
1592 4823 1765 4898 magistram.

967 4919 990 4976 Ο
1006 4918 1145 4991 Princeps,
1162 4918 1208 4991 qui
1223 4919 1277 4976 tale
1291 4919 1392 4977 malum
1402 4921 1525 4991 Junxisse
1547 4923 1659 4993 videris,

965 5019 1005 5074 Da
1019 5017 1104 5073 castis
1118 5025 1216 5080 castas.
1233 5016 1307 5072 aliud
1321 5018 1435 5075 viduata
1454 5027 1592 5091 receptet3

963 5115 1025 5171 Non
1042 5113 1172 5186 equidem
1187 5114 1300 5186 prodest
1314 5115 1459 5172 multorum
1473 5118 1588 5189 perdere
1609 5136 1712 5180 mores.

963 5212 1089 5269 Creditur
1103 5228 1138 5269 eu
1152 5211 1251 5268 mulier
1266 5211 1364 5269 melior
1378 5229 1458 5286 quam
1475 5216 1617 5275 masculus
1639 5236 1711 5277 esse.

962 5310 1069 5384 Accipit
1083 5309 1128 5365 illa
1142 5309 1268 5383 gadum,
1284 5325 1345 5365 raro
1360 5318 1401 5366 est
1414 5310 1458 5368 lex
1468 5312 1520 5369 ista
1527 5314 1658 5382 viromm,

962 5412 996 5467 Ut
1010 5417 1095 5480 nupto
1110 5407 1188 5464 citius
1203 5408 1302 5463 dentur
1316 5407 1379 5467 loca
1393 5419 1490 5469 sancta
1503 5413 1635 5486 regenda,

963 5505 1113 5564 Confusum
1127 5514 1224 5563 natura
1235 5506 1346 5564 modum
1361 5503 1517 5567 discernere
1537 5509 1635 5583 poscit.

958 5605 1054 5663 Frater
1067 5605 1133 5662 item
1148 5604 1245 5677 querit
1259 5605 1306 5664 ubi
1320 5606 1458 5682 dogmatis
1471 5607 1520 5665 ills
1536 5604 1802 5720 rnodotlu⁸
