3772 6112
113 217 162 273 ast
379 205 930 271 wttsbatbtssasatmhbdtott.
945 204 1453 269 orP.raas1.-Tttaolotttcn.
1707 215 1761 275 ³52

117 347 274 398 sanctorum
298 339 327 393 in
348 337 551 395 resurrectione
581 335 690 393 Domini
711 339 866 406 prostratus
889 331 956 397 inA
1006 332 1569 410 vnns.ts,tc,ao.-Pareqrtaascs,eto.
1582 310 1763 407 adamata

116 437 218 486 terram
234 429 350 484 adorare
364 428 483 499 legitur3
500 426 571 481 unde
593 441 653 480 mos
668 424 751 495 coepit
764 423 792 477 in
814 421 914 479 Eccle·
964 421 1143 494 Pcregrinum
1158 432 1261 493 putant,
1278 442 1360 497 quem
1376 441 1431 481 non
1453 434 1617 499 agnoscunt.
1640 427 1677 482 tta
1699 442 1764 485 vera

117 518 158 573 sia
172 518 294 590 paschali
311 525 434 588 tempore
456 531 511 571 non
526 514 598 570 flecti
622 528 712 586 genua
726 513 753 567 in
778 511 912 579 oratione,
964 511 1128 583 peregrinus
1143 520 1203 567 erat
1217 512 1298 583 eis,a
1321 529 1435 595 morum
1456 514 1603 588 fragilitate
1626 531 1679 587 per
1701 516 1764 590 glo·

117 607 167 663 sed
182 607 256 664 vultu
270 607 298 661 in
313 613 413 661 terram
428 603 562 660 declinato
577 617 666 658 orare.

153 722 238 778 Vsus.
256 725 281 776 6.
301 751 336 762 -
350 719 557 777 Recordamlai.
575 718 624 773 Die
635 717 723 793 tertia,
736 717 807 772 sicut
819 733 852 772 ex
861 716 915 772 hoc

116 812 177 869 loco
199 811 341 876 habemus,
365 809 434 864 inter
458 807 607 878 discipulos
622 806 703 862 etiam
724 804 832 861 feminis
854 820 914 879 qua

117 915 180 956 eum
195 899 388 970 sequebantur,
405 895 537 951 Dominus
551 903 767 951 resurrecturum
791 910 821 951 se
839 910 913 965 prae·

119 987 196 1043 dixit.
215 986 365 1042 Parasoeve
380 987 446 1040 hora
461 1000 533 1039 nona
549 982 704 1053 exspiravit,
721 998 802 1038 mane
825 982 915 1053 prima

117 1074 226 1130 sabbati
240 1073 400 1130 resurrexit.
415 1073 513 1129 blerito
536 1080 627 1128 autem
642 1087 697 1128 una
711 1071 755 1127 die
769 1079 795 1127 et
810 1071 915 1125 duabus

117 1163 242 1219 noctibus
257 1163 285 1217 in
299 1162 424 1233 sepulcro
436 1162 531 1232 jacuit,
547 1161 611 1233 quia
626 1161 714 1217 lucem
738 1176 795 1215 suae
809 1159 915 1231 simplas

116 1252 212 1306 mortis
227 1251 300 1322 (quae
315 1258 419 1305 tautum
442 1250 471 1304 in
485 1266 566 1306 came
586 1253 657 1320 erat)
681 1248 802 1304 tenebris
825 1247 915 1319 dupla*

116 1348 219 1396 nostrae
234 1338 331 1395 mortis
345 1356 406 1410 quae
421 1338 449 1392 in
464 1353 577 1409 corpore
591 1346 647 1392 erat
661 1344 688 1392 et
703 1336 802 1399 anima,
827 1343 914 1406 appo-

118 1427 181 1494 suit,
198 1435 225 1484 et
239 1435 380 1499 utramque
395 1434 517 1482 nostram
532 1425 645 1481 curavit.
661 1425 689 1481 Si
717 1425 789 1480 anim
810 1432 913 1479 utram·

117 1533 170 1589 que
186 1516 363 1588 suscepisset,
378 1531 429 1572 nos
443 1530 460 1569 a
473 1522 568 1571 neutra
582 1514 735 1569 liberasset.

153 1633 238 1690 lans.
256 1637 281 1687 8.
298 1661 333 1672 -
347 1633 383 1688 Et
397 1630 550 1688 recordata
565 1633 643 1686 sant.
661 1629 735 1685 Siout
746 1628 876 1684 mulieres
885 1627 914 1684 in

116 1727 290 1779 monumento
305 1719 414 1776 Domini
429 1726 541 1788 stantes,
568 1718 746 1775 recordantur
767 1718 913 1774 verborum

116 1827 176 1886 quae
190 1810 224 1866 de
239 1824 288 1865 sua
302 1808 505 1881 dispensatione
519 1805 722 1880 praesuaserat,
736 1806 833 1863 sicnos
843 1806 914 1863 inter

116 1898 266 1956 Dominicae
279 1896 414 1970 passionis
433 1896 562 1968 mysteria
587 1895 762 1964 celebranda,
788 1911 843 1950 non
864 1910 912 1951 so·

115 1987 171 2044 lum
185 1987 329 2060 passionis,
346 1987 395 2042 sed
413 1994 439 2042 ct
454 1985 659 2041 resurrectionis
674 1984 805 2040 debemus
818 1999 912 2041 recor·

119 2077 188 2134 dari.

60 2176 68 2188 '
152 2166 237 2223 Vnus.
251 2167 278 2220 9.
294 2193 329 2204 -
343 2163 563 2220 Nuntiavaraat.
582 2161 655 2218 Sicut
669 2161 697 2216 in
708 2160 843 2233 principio
856 2177 912 2216 mu·

114 2254 168 2313 tier
182 2260 276 2310 auctor
288 2252 376 2324 culpae
390 2251 449 2308 viro
464 2251 521 2317 luit,
532 2251 573 2308 vir
586 2257 729 2306 exsecutor
740 2249 789 2304 luit
799 2249 910 2320 erroris,

115 2344 154 2400 ita
167 2357 240 2400 nuuc
254 2359 315 2415 quae
328 2349 445 2397 mortem
459 2340 535 2413 prior
547 2347 714 2413 gustaverat,
735 2338 911 2394 resurrectio·

115 2448 178 2489 nem
192 2431 268 2497 vidit,
284 2438 311 2486 et
324 2447 358 2485 ne
379 2430 503 2502 perpetui
527 2437 617 2484 reatus
641 2427 816 2499 opprobrium
839 2426 911 2515 apud
952 2435 956 2443 '

115 2521 188 2579 viros
199 2521 353 2587 sustineret,
365 2537 424 2591 quae
432 2519 541 2590 culpam
549 2517 606 2574 viro
617 2516 808 2586 transfuderat,
821 2523 909 2571 trans·

114 2610 184 2667 ludit
211 2619 237 2665 et
258 2609 382 2682 gratiam.
404 2609 439 2662 Et
463 2608 527 2679 quia
549 2605 729 2662 constantiam
744 2604 911 2676 praedicandi
951 2650 955 2659 ,

116 2715 170 2756 non
185 2699 265 2754 habet
279 2697 393 2753 inferior
407 2713 489 2752 sexus
502 2697 536 2751 ad
549 2695 753 2766 exsequendum
768 2692 908 2762 infirmior,
952 2726 956 2747 t

115 2787 256 2844 mandatur
270 2786 335 2842 viris
349 2785 466 2842 officium
481 2783 695 2855 evangelizandi.

150 2903 236 2959 Vsus.
256 2904 299 2957 tl.
315 2930 350 2944 -
364 2903 400 2956 at
414 2916 471 2956 noa
487 2898 677 2956 crediderant.
690 2896 769 2966 Quod
784 2896 910 2968 discipuli

116 2993 193 3048 tarde
208 2991 331 3058 credunt,
347 3005 402 3044 nou
417 2996 470 3043 tam
486 2988 594 3042 illorum
609 2985 750 3041 infirmitas
760 3001 909 3058 qnamnos-

125 3096 158 3135 ra
171 3077 261 3134 futura
276 3077 388 3133 finnitas
403 3076 461 3144 iuit,
477 3092 541 3130 nam
554 3074 607 3129 illis
620 3074 804 3131 dubitantibus
820 3051 944 3131 resur·C

115 3168 198 3225 rectio
213 3167 305 3222 multis
319 3165 489 3239 argumentis
511 3171 688 3231 monstratur,
704 3179 764 3236 quae
787 3164 851 3218 dum
867 3163 909 3220 le-

115 3264 212 3331 gentes
227 3255 414 3329 agnoscimus,
431 3254 496 3326 quid
511 3253 585 3309 aliud
600 3269 682 3326 quam
697 3253 730 3308 de
746 3268 840 3308 eorum
855 3253 909 3308 du-

114 3345 245 3402 bitatione
261 3343 431 3400 solidamurt
889 3392 895 3400 .

151 3435 235 3489 Varis.
247 3436 290 3491 la.
302 3463 336 3474 —
346 3436 448 3489 Petras
462 3436 559 3488 catam
569 3447 696 3503 carpens.
707 3431 825 3486 loannes
835 3445 909 3486 com·

114 3531 254 3590 memorat,
273 3522 345 3594 quod
359 3530 385 3577 et
399 3521 458 3593 ipso
473 3528 499 3576 et
517 3521 612 3576 Petrus
627 3520 706 3574 simul
722 3528 906 3587 cucurrerunt,

115 3619 141 3668 et
155 3612 229 3684 quod
244 3611 323 3667 Petro
337 3611 409 3665 intus
429 3610 582 3665 introeunte
598 3610 625 3664 in
650 3616 865 3675 mouumentum,
882 3616 909 3664 et
950 3652 954 3661 .

113 3700 223 3757 vidente
236 3700 395 3756 linteamina
410 3708 436 3754 et
452 3699 600 3765 sudarium,
616 3699 675 3769 ipse
687 3699 807 3755 loannes
827 3697 908 3754 incli-

113 3805 184 3845 nans
200 3807 240 3856 se,
256 3789 323 3846 vidit
338 3789 503 3855 linteamina,
521 3804 572 3844 nec
594 3787 723 3842 introivit.
748 3787 802 3843 Sed
829 3787 908 3842 intel-

111 3878 253 3954 ligendum
269 3887 310 3934 est
326 3879 433 3934 Petrum
452 3879 539 3947 primo
560 3877 784 3948 procumbentem
805 3875 908 3931 vidisse
951 3922 954 3937 ,

113 3968 186 4039 quod
200 3967 287 4022 Lucas
301 3973 506 4031 commemorat,
523 3966 642 4020 Joaunes
656 3971 727 4019 tacet
743 3982 750 4017 :
766 3970 828 4034 post
841 3979 908 4018 vero

112 4056 276 4127 ingressum,
295 4062 324 4107 ut
338 4053 494 4126 diligentius
510 4054 640 4108 interiora
659 4053 842 4125 dignosceret,
858 4052 908 4107 'iu-

46 4210 52 4219 ‘
113 4159 241 4218 gressum
255 4150 348 4198 tamen
362 4151 507 4213 antequam
521 4142 639 4197 loannes
659 4142 781 4196 intraret.

112 4348 270 4420 metropolis
285 4347 381 4403 civitas
397 4345 512 4417 insignis
528 4344 688 4415 Palaestinae,
710 4361 770 4417 qua:
785 4352 846 4415 post
861 4360 908 4400 ox—

965 598 1035 654 riam
1049 601 1257 656 resurrectionis
1268 602 1325 671 iam
1340 603 1422 675 longe
1438 603 1536 671 stabat,
1551 619 1568 659 a
1581 619 1699 677 quorum
1710 603 1764 662 fide

965 689 1171 744 resurrectionis
1186 690 1280 746 nescia
1299 698 1444 747 extraneus
1470 692 1606 749 manebat.
1634 694 1682 749 Vir
1700 710 1765 767 pro-

961 777 1057 849 pheto,
1076 784 1129 833 etc.
1145 779 1181 833 Et
1194 779 1327 851 quomodo
1350 779 1539 846 tradiderant,
1563 789 1617 838 etc.
1639 781 1765 853 Prophe·

964 871 1018 918 tam
1040 872 1066 919 et
1087 880 1218 937 magnum
1241 862 1377 933 fatentur,
1402 867 1499 924 Filium
1525 866 1574 926 Dei
1596 876 1699 936 tacent,
1721 870 1766 929 val

958 952 1025 1024 quia
1040 953 1162 1008 nondum
1176 953 1296 1024 perfecte
1311 954 1492 1027 credunt,le
1506 955 1530 1011 si
1546 957 1766 1015 credunttimcnt

964 1039 1035 1097 tradi
1048 1041 1077 1096 in
1091 1057 1187 1097 manus
1200 1042 1367 1110 ludaeorum,
1383 1044 1538 1101 nescientes
1561 1059 1625 1102 cum
1646 1060 1704 1119 quo
1727 1045 1766 1103 lo·

965 1137 1093 1200 quuntur.

1000 1217 1084 1273 lans.
1100 1222 1145 1276 at.
1161 1220 1263 1276 -Nos
1278 1225 1386 1291 autem,
1403 1228 1455 1278 etc.
1476 1221 1687 1292 Quodammodo
1701 1224 1765 1281 rad·

964 1315 1082 1378 arguunt
1097 1306 1212 1378 seipsos,
1230 1308 1305 1380 quod
1319 1309 1347 1363 in
1361 1309 1437 1364 illum
1458 1311 1677 1382 redemptionem
1698 1328 1764 1384 spe-

964 1394 1091 1464 raserint,
1106 1410 1188 1466 quem
1206 1404 1344 1451 mortuum
1364 1397 1496 1465 viderant,
1519 1414 1572 1455 neo
1592 1410 1765 1458 resurrectu-

964 1497 1024 1537 rum
1039 1482 1198 1553 credebant,
1215 1491 1242 1539 et
1255 1485 1372 1541 maxime
1395 1486 1488 1541 dolent
1511 1502 1574 1543 eum
1598 1488 1660 1545 sina
1683 1489 1764 1561 eulpa

963 1570 1092 1642 occisxun,
1109 1588 1190 1645 quem
1204 1572 1378 1630 innocentem
1392 1582 1535 1646 noverant,
1550 1583 1577 1631 et
1593 1577 1691 1633 exhoc
1700 1577 1763 1633 tris·

964 1665 1005 1713 tes
1020 1658 1194 1721 incedebant.

1002 1747 1086 1803 Vnus.
1100 1752 1145 1805 22.
1160 1780 1195 1788 -
1212 1752 1385 1808 Terruerant
1399 1769 1459 1818 aas,
1475 1760 1527 1809 etc.
1544 1753 1643 1809 llerito
1665 1753 1761 1811 dicun·

962 1844 1007 1890 tur
1020 1836 1149 1892 terruisse
1163 1853 1211 1893 eos
1226 1839 1324 1910 quibus
1339 1839 1373 1896 de
1386 1856 1442 1898 non
1455 1840 1565 1898 invento
1576 1856 1692 1915 corpore
1702 1843 1762 1917 plus

963 1925 1118 1980 maestitiam
1132 1926 1302 1994 addidemnt,
1323 1930 1450 2000 quamde
1471 1931 1595 1987 nuntiata
1616 1947 1760 1990 resurrec-

962 2012 1035 2068 tione
1048 2014 1178 2085 gaudium
1194 2031 1248 2086 quo
1263 2025 1462 2087 recrearentur,
1489 2018 1615 2075 afferunt.

997 2101 1083 2157 lans.
1099 2105 1143 2162 at.
1160 2134 1195 2145 -
1209 2105 1345 2161 Abierant
1358 2106 1482 2179 quidam,
1508 2115 1561 2163 cto.
1587 2107 1659 2163 Cum
1680 2125 1760 2181 supra

961 2189 1059 2251 dixerit
1073 2192 1182 2247 Petrum
1196 2193 1348 2250 cucurrisse
1362 2194 1397 2249 ad
1416 2203 1627 2266 mouumentum,
1638 2204 1667 2253 et
1680 2199 1760 2255 modo

959 2277 1188 2351 dicatCleophas:
1208 2281 1326 2348 Quidam
1340 2285 1492 2340 innostra
1501 2285 1645 2342 ‚abierant
1660 2286 1761 2343 dano

960 2372 1141 2433 numentana,
1158 2377 1211 2425 eto.
1228 2369 1435 2443 Intelligendum
1449 2363 1501 2439 est,
1518 2364 1592 2444 quod
1607 2374 1665 2430 duo
1680 2374 1759 2434 simul

960 2454 1059 2510 ierunt.
1083 2455 1138 2511 Sed
1162 2457 1271 2512 Petrum
1292 2458 1381 2513 solum
1405 2459 1494 2531 primo
1516 2462 1756 2532 commemoravit,

960 2544 1024 2615 quia
1038 2544 1164 2614 primitus
1178 2542 1217 2601 illi
1232 2546 1365 2604 nuntiavit
1383 2549 1479 2604 liaris.

996 2660 1081 2714 Vnus.
1098 2662 1143 2717 25.
1161 2692 1196 2702 -
1212 2656 1332 2719 O'stalta'
1345 2667 1373 2719 ct
1389 2665 1463 2720 turdi
1477 2665 1567 2723 corde.
1584 2665 1637 2723 Hic
1651 2666 1760 2740 gemina

959 2748 1120 2804 humiliandi
1134 2751 1285 2806 necessitas
1299 2752 1440 2817 incumbit,
1459 2753 1504 2825 qui
1519 2754 1762 2827 necinSoripturis

959 2845 1090 2908 quantum
1104 2847 1211 2910 oportet
1226 2840 1326 2907 edocti,
1341 2857 1392 2897 uae
1403 2842 1438 2897 ad
1453 2841 1591 2914 implenda
1606 2860 1670 2917 quae
1682 2843 1761 2900 novi·

958 2943 1019 2981 mus
1034 2935 1165 2998 quantum
1180 2928 1268 2996 decet,
1285 2946 1379 2984 sumus
1394 2930 1499 2987 intenti.
1521 2932 1593 2987 Nam
1607 2932 1632 2988 si
1647 2933 1757 3005 Moyses

960 3022 987 3069 et
1001 3017 1141 3087 prophetae
1155 3017 1189 3072 de
1205 3016 1312 3073 Christo
1326 3017 1408 3074 locuti
1424 3027 1495 3086 sunt,
1513 3027 1539 3075 et
1554 3035 1618 3075 eum
1633 3037 1685 3093 per
1694 3036 1758 3092 pas·

961 3120 1065 3159 sronem
1080 3112 1106 3160 et
1121 3104 1238 3175 gloriam
1252 3106 1414 3162 intraturum
1428 3108 1620 3179 predixerant,
1638 3125 1758 3181 quomo-

959 3192 995 3247 do
1009 3192 1141 3265 gloriatur
1155 3210 1216 3249 esse
1232 3194 1426 3261 Christianum,
1443 3200 1490 3268 qui
1505 3213 1594 3268 nequa
1613 3198 1644 3252 in
1658 3198 1756 3272 Scrip-

954 3281 1028 3345 ‚turis
1057 3282 1173 3353 qualiter
1201 3283 1236 3337 ad
1263 3283 1402 3338 Christum
1429 3285 1568 3357 pertinent
1594 3285 1756 3363 investigat,

959 3386 1048 3442 neque
1062 3370 1097 3426 ad
1111 3371 1228 3443 gloriam
1242 3388 1326 3445 quam
1340 3388 1403 3429 cum
1419 3373 1526 3431 Christo
1541 3374 1647 3432 habere
1672 3374 1759 3449 cupit,

958 3459 1165 3530 perpessiones
1180 3460 1314 3534 attingere
1333 3461 1495 3517 desiderati

994 3576 1079 3631 l'ans.
1096 3579 1187 3641 2839.
1204 3606 1238 3615 -
1252 3578 1287 3632 st
1302 3579 1370 3650 ipse,
1383 3584 1436 3634 etc.
1446 3579 1693 3650 Moacnobiscam,
1705 3587 1758 3638 etc.

958 3665 1051 3720 Talem
1067 3680 1096 3719 se
1110 3664 1230 3719 exhibuit
1244 3665 1272 3719 in
1286 3659 1412 3738 corpore,
1431 3667 1518 3739 qualis
1533 3668 1607 3740 apud
1622 3669 1687 3725 illos
1698 3677 1760 3726 erat

959 3753 986 3807 in
1000 3760 1101 3808 mente.
1118 3754 1255 3808 Probandi
1270 3763 1357 3825 erant,
1383 3755 1405 3809 si
1429 3757 1503 3812 hunc
1526 3772 1610 3829 quem
1633 3759 1761 3815 nondum

958 3849 986 3895 ut
1001 3842 1089 3897 Deum
1104 3841 1263 3914 diligebant,
1288 3844 1383 3899 saltem
1406 3852 1436 3899 ut
1456 3847 1637 3920 peregrinum
1660 3848 1761 3922 dilige-

958 3939 1028 3985 rent.
1045 3930 1099 3985 Sed
1114 3930 1176 4002 quia
1186 3933 1306 3986 extranei
1321 3948 1338 3987 a
1352 3933 1473 3989 claritate
1482 3950 1543 3989 esse
1557 3951 1614 3990 non
1625 3944 1753 4007 possunt,

958 4035 1020 4075 cum
1035 4020 1133 4092 quibus
1149 4020 1250 4075 veritas
1264 4021 1453 4093 gradiebatur,
1472 4023 1507 4077 ad
1530 4023 1683 4096 hospitium
1708 4041 1760 4081 vo·

890 4163 896 4199 ᾗ
958 4116 1030 4178 cant,
1047 4109 1102 4164 imo
1117 4117 1227 4180 cogunt.
1245 4108 1305 4178 Quo
1320 4111 1444 4182 exemplo
1459 4111 1609 4184 colligitur,
1628 4113 1695 4185 quia
1708 4130 1758 4186 pe·

796 4255 801 4267 ,
892 4256 897 4265 ,
951 4197 1062 4269 'tegrini
1076 4213 1131 4253 nou
1147 4197 1233 4252 solum
1249 4199 1284 4253 ad
1299 4200 1445 4272 hospitium
1468 4207 1531 4255 sunt
1553 4201 1685 4269 vocandi,
1712 4203 1766 4261 scd

149 4259 234 4316 Vsus
252 4262 295 4314 ts.
312 4289 347 4299 -
361 4258 478 4314 Nomine
487 4259 632 4312 Emmaus.
649 4257 780 4311 Emmaus
794 4271 854 4328 ipsa
866 4264 907 4311 est
948 4291 953 4301 ·

958 4286 1037 4341 etiam
1049 4286 1183 4343 trahendi.

217 4438 222 4449 .
666 4434 671 4443 .
763 4428 803 4444 a.
869 4430 890 4444 ..
909 4412 943 4476 ,D
994 4389 1078 4444 tans.
1104 4391 1147 4443 30.
1173 4420 1208 4430 -·
1233 4390 1334 4462 Fregit,
1352 4397 1403 4446 etc.
1430 4390 1517 4461 Quem
1533 4390 1562 4446 in
1586 4394 1768 4465 expositione

111 4447 305 4510 pugnmfflnem
319 4436 395 4491 Judae
410 4436 461 4489 snb
476 4435 566 4489 Mam
583 4433 690 4532 ΛΨΙΙΟ
705 4436 819 4487 Amoms
834 4450 909 4535 pun-
959 4477 1106 4548 Scripturas
1121 4494 1175 4532 non
1191 4486 1379 4534 covnoverunt
1408 4481 1436 4535 in
1453 4479 1587 4536 fractione
1611 4483 1694 4554 panis
1709 4500 1769 4540 uo-

111 4528 170 4598 cipe
186 4535 343 4591 restaurata,
361 4541 422 4582 cum
437 4532 508 4579 statu
523 4529 635 4577 mutavit
650 4531 676 4577 et
690 4536 798 4577 nomen.
816 4534 818 4541 ·
1226 4522 1242 4553 0
1382 4521 1388 4550 ’
1650 4544 1655 4552 ·

850 4620 853 4625 .
946 4570 1063 4637 verunt,
1081 4568 1214 4639 quianon
1230 4569 1371 4624 auditores
1385 4569 1467 4642 legis,
1484 4569 1533 4624 sed
1549 4568 1673 4626 lactores
1681 4573 1769 4642 justi·

148 4624 233 4678 γης·
251 4626 341 4689 Μ·
358 4654 392 4663 “
406 4621 908 4694 ΠΜῙαὸωανεηωὼοῳθῃωῧάθ
946 4652 1118 4726 ficabuntur,
1140 4664 1166 4711 et
1189 4658 1289 4712 veritas
1312 4658 1410 4714 melius
1436 4658 1577 4729 operando
1603 4675 1688 4732 quom
1713 4676 1769 4718 au-

113 4728 143 4769 se
164 4710 297 4767 Dominus
316 4711 536 4781 appropinquans
551 4710 703 4777 comitatur,
730 4718 758 4764 ut
779 4716 806 4765 ct
826 4707 908 4765 fidem
956 4743 1056 4800 diendo
1076 4745 1245 4819 inoelligimr·

112 4799 321 4858 resurrectionis
336 4814 429 4853 eorum
444 4799 581 4856 montibus
597 4799 733 4864 incendat,
750 4806 777 4853 et
791 4798 865 4869 quod
877 4814 908 4855 sc
946 4830 953 4837 -
1519 4850 1522 4855 Α
1579 4862 1586 4874 θ

110 4890 273 4963 promiserat
294 4886 436 4954 iacturum,
459 4887 569 4958 impleat
592 4907 601 4943 .·
628 4889 676 4945 ilbi
696 4891 764 4943 caat
788 4888 842 4944 dau
864 4889 908 4944 acl
946 4924 949 4929 ,
992 4861 1441 4934 v⁸³⁵·3¹·“1¹l³⁶⁷'2²'⁸1⁴⁷lt‚0¹0·
1459 4863 1764 4923 Sublrsthsturfflmttli·

957 4950 1008 5004 bus
1024 4949 1111 5005 oculis
1126 4951 1232 5022 species
1246 4949 1420 5020 infirmitatis,
1437 4959 1466 5007 ut
1482 4952 1622 5033 mantibus
1642 4938 1758 5027 incipiat

114 4983 171 5035 tres
185 4977 346 5048 conprepati
360 4978 392 5033 ia
407 4979 523 5033 aomina
537 4993 606 5043 meo,
624 4978 662 5032 ibi
687 4993 750 5033 sam
764 4978 796 5032 ia
810 4977 907 5034 rmcdlc
946 5018 949 5023 -
1172 5038 1176 5050 ,
1352 5040 1357 5049 ,
1399 5040 1405 5050 ,

957 5054 1092 5111 apparare
1107 5039 1197 5111 gloria
1211 5047 1431 5095 resurrectroms.

112 5083 209 5125 coram
224 5066 335 5136 (ilottb.
352 5064 466 5135 xxvix).
483 5066 727 5139 Appropa'aqaaas,
744 5074 797 5122 etc.
815 5066 905 5137 Oculi,

111 5164 164 5212 etc.
182 5153 312 5225 Apparuit
327 5153 437 5224 quidem
451 5152 479 5207 in
495 5152 585 5224 specie
596 5155 714 5225 propria,
730 5155 779 5210 sed
787 5155 905 5227 speciem
992 5155 1077 5210 Vens.
1094 5158 1137 5211 si.
1155 5185 1189 5195 -
1203 5157 1239 5210 Et
1253 5156 1401 5222 diamant,
1419 5163 1470 5212 etc.
1485 5156 1600 5229 lllystioe
1617 5173 1624 5213 :
1642 5157 1710 5215 ldeo
1728 5158 1752 5213 iu

112 5258 195 5316 quam
208 5250 447 5314 recognoscerent,
465 5258 520 5297 non
536 5243 662 5298 ostendit.
681 5244 756 5299 Sicut
772 5240 799 5299 et
814 5244 866 5314 ipsi
880 5251 908 5299 et
945 5243 1066 5321 „Christo
1081 5243 1135 5298 illis
1151 5251 1260 5299 ostensa
1276 5252 1317 5298 est
1332 5245 1386 5299 alia
1409 5244 1524 5319 effigies,
1551 5261 1585 5300 ne
1610 5261 1676 5301 eum
1703 5245 1751 5302 nisi

110 5333 183 5388 intus
197 5331 331 5397 amabant,
348 5339 374 5386 et
388 5340 478 5386 tamon
492 5330 661 5399 dubitabant,
678 5331 786 5404 sicipse
801 5332 867 5388 ioris
881 5341 908 5388 at
957 5333 985 5387 in
1004 5332 1137 5407 lraotioue
1147 5332 1225 5403 panis
1250 5340 1457 5406 cognoscerent,
1484 5341 1513 5388 ut
1536 5349 1633 5391 omnes
1657 5334 1751 5391 intelli·

110 5438 233 5496 praesens
248 5422 336 5488 adest,
353 5428 380 5474 et
395 5420 455 5491 quis
470 5420 513 5485 sit,
531 5436 585 5474 uon
601 5421 728 5477 ostendit.
745 5423 823 5479 Desa
838 5439 906 5497 ergo
956 5430 1067 5497 gentse
1082 5422 1219 5477 Christum
1233 5438 1288 5477 non
1303 5437 1465 5495 agnoscere,
1487 5422 1542 5477 nisi
1555 5421 1622 5479 fiant
1644 5423 1751 5496 partici-

111 5511 287 5585 loquentibus
301 5508 476 5583 praesentiam
493 5508 611 5578 exhibet,
627 5511 676 5566 sed
691 5511 724 5567 de
740 5529 769 5568 se
782 5511 906 5569 dubitau·
956 5527 1006 5583 pas
1021 5511 1145 5583 corporis
1161 5512 1230 5582 ejus,
1247 5511 1330 5568 idest
1353 5511 1496 5582 Ecclesiae,
1516 5512 1595 5582 cujus
1619 5511 1749 5569 unitatem

111 5600 185 5659 tibus
199 5601 320 5676 speciem
339 5598 502 5675 cognitionis
517 5596 615 5655 aufert.

957 5600 1131 5658 commendat
1145 5601 1291 5675 Apostolus
1306 5601 1335 5655 in
1349 5608 1523 5660 sacramento
1537 5600 1628 5675 panis,
1639 5599 1751 5669 dicens:
