3772 6112
120 227 185 280 naar
290 217 296 227 ’
408 219 609 278 wnnnrnmr
634 217 756 274 srnirn
784 213 984 273 runnuou.
1000 210 1076 270 arr.
1092 178 1179 270 rans
1194 211 1466 268 rra-caninus.
1713 212 1777 267 rosa

122 348 211 404 Currit
226 362 307 421 equo,
324 346 458 419 signatae
472 352 584 416 pectore
599 342 688 399 bellua
699 343 777 412 duro,
936 335 1066 401 ASortiti
1081 353 1226 393 commune
1240 336 1378 408 boumque
1389 335 1539 407 oviumque
1554 333 1698 391 virectum.

123 436 212 493 Corde
225 435 316 510 pigro,
331 449 468 507 sensuque
491 449 560 490 cavo
576 449 694 506 regnare
708 428 865 504 superbam.
971 425 1070 483 Omnia
1083 425 1187 499 pacatis
1202 424 1329 482 animalia
1343 425 1435 481 litibus
1456 431 1562 492 assunt,

123 524 146 581 Ο
162 525 247 598 pestis
261 525 320 581 sine
333 523 386 580 fine
400 539 513 589 nocens,
527 514 582 579 non
601 518 699 579 suflicit
713 537 823 578 omnem
971 514 1057 571 herim
1071 531 1178 571 summo
1192 530 1310 587 quercus
1324 513 1359 570 de
1373 513 1478 571 vertice
1492 513 1564 569 laetis

123 613 303 671 Pervolitasse
316 613 412 669 orbem
426 611 515 680 bellis,
533 619 559 668 et
573 611 647 668 cade
662 618 812 683 potentum,
971 602 1212 691 Commodulantur
1233 618 1298 659 aves
1319 603 1432 669 rostris,
1446 610 1473 659 et
1488 617 1574 660 suave
1590 611 1740 657 susurrant.

122 701 195 771 Quin
209 703 288 759 etiam
303 701 400 758 faciem
415 699 548 773 praeclara
562 700 660 773 palatia
684 707 779 756 contra
971 695 1021 748 Ast
1034 692 1087 748 alia
1098 694 1132 748 de
1146 699 1224 764 parte
1238 692 1327 762 nitens
1340 690 1449 766 fulgore
1464 707 1582 749 corusco

124 790 355 862 Christicolasque
368 806 480 864 greges,
497 789 591 846 videas
604 788 730 861 posuisse
745 786 901 843 nefandam.
971 784 1091 837 duratus
1104 780 1231 837 discurrit
1245 796 1340 853 eques,
1355 780 1501 838 comitante
1510 780 1635 852 pedestri

122 881 192 936 Ante
206 879 291 952 pedes
305 885 399 935 ternos
413 879 573 950 parentibus
596 878 716 950 undique
730 876 830 944 nervis,
971 869 1098 943 Agmine,
1115 869 1260 926 tintinnum
1268 869 1388 942 quidam,
1404 869 1516 942 quidam
1531 883 1638 943 organa
1647 869 1760 942 pulsant

122 967 171 1024 llle
186 976 248 1024 tuus
262 967 382 1040 sonipes,
400 982 516 1024 vacuum
531 983 615 1038 super
628 982 693 1022 aera
707 965 797 1021 nando
971 958 1057 1015 Dulce
1072 957 1159 1014 melos
1173 966 1279 1015 tantum
1289 975 1372 1015 vanas
1386 959 1517 1014 deludere
1529 967 1637 1015 mentes

120 1055 218 1124 fobet,
234 1063 260 1113 et
274 1056 399 1113 albentes
413 1056 607 1113 monstrabitur
625 1055 697 1111 inter
710 1053 813 1119 olores,
972 1047 1069 1118 capit,
1086 1056 1115 1102 ut
1131 1063 1185 1102 una
1201 1047 1257 1103 suis
1271 1047 1409 1104 decedens
1424 1048 1552 1104 sensibus
1567 1047 1658 1119 ipsam

121 1143 210 1214 Quam
224 1145 270 1217 pia
284 1145 367 1202 corda
383 1143 436 1201 tuis
451 1145 572 1202 maculas
587 1144 629 1200 vis
644 1143 762 1217 pessima
777 1142 848 1199 telis.
971 1135 1083 1191 Femina
1098 1135 1247 1207 perdiderit
1261 1152 1358 1192 uocum
1369 1135 1515 1193 dulcedine
1538 1136 1633 1193 uitam.

120 1234 180 1289 lam
196 1241 286 1292 tamen
300 1234 360 1307 ipsa
373 1234 474 1306 pedem
489 1234 566 1290 vanis
582 1233 723 1290 conatibus
737 1248 829 1300 uuam,
973 1224 1077 1280 Cedant
1092 1241 1193 1298 magna
1208 1225 1246 1281 tui
1261 1233 1398 1296 superest
1413 1223 1546 1298 figmenta
1561 1224 1664 1282 colossi

121 1320 232 1396 Optima
244 1338 420 1396 nequaquam
434 1332 530 1381 contra
551 1321 676 1379 consulta
690 1320 797 1389 levasti,
971 1312 1059 1369 lloma
1074 1313 1139 1371 velit
1156 1315 1249 1370 Caesar
1259 1331 1378 1386 magnas
1388 1313 1521 1387 migrabit
1533 1314 1571 1369 ad
1581 1330 1671 1379 arces,

119 1421 190 1477 Nam
206 1419 334 1495 quotiens
349 1436 496 1494 procerum
512 1419 618 1477 tibimet
640 1418 808 1493 conjungere
822 1433 921 1491 quem.
972 1403 1136 1458 Francorum
1153 1402 1336 1474 quodcunque
1351 1403 1436 1458 miser
1457 1400 1623 1458 conflaverit
1637 1402 1714 1459 orbis

827 1515 921 1590 [quam
971 1491 1015 1548 En
1029 1490 1107 1563 queis
1123 1491 1262 1563 praecipue
1274 1491 1394 1561 jactabat
1409 1491 1516 1547 Graecia
1529 1508 1603 1556 sese,

973 1578 1084 1652 Organa
1097 1580 1155 1635 Rex
1170 1596 1286 1653 magnus
1297 1595 1351 1636 non
1365 1580 1437 1635 inter
1457 1580 1579 1636 maxima
1600 1580 1687 1652 ponit.

935 1666 1042 1762 BQuae
1055 1675 1147 1724 tamen
1163 1667 1288 1741 inceptos
1303 1676 1414 1724 seruent
1430 1669 1453 1723 si
1467 1669 1568 1724 intacta
1583 1684 1707 1740 canores,

971 1758 1059 1814 Deses
1074 1758 1125 1812 erit
1140 1758 1185 1830 qui
1201 1774 1274 1829 saepe
1289 1774 1339 1814 suo
1355 1758 1441 1831 quatit
1455 1774 1519 1814 aera
1541 1756 1657 1830 plectro.

970 1849 1040 1902 Ante
1049 1854 1140 1902 tamen
1151 1854 1243 1918 spreta
1260 1845 1371 1916 jactabit
1392 1846 1463 1918 pelle
1481 1846 1634 1915 lacernam,

970 1931 1004 1986 Et
1019 1931 1083 1987 ferri
1097 1940 1175 2004 rapta
1189 1931 1337 1987 bacchatus
1352 1932 1423 1987 male
1444 1947 1563 1988 sonoros

971 2019 1143 2075 Comminuet
1159 2026 1284 2087 truncos,
1300 2028 1327 2076 et
1342 2020 1448 2093 iniquas
1470 2035 1540 2077 voce
1554 2020 1671 2090 cicutas,

970 2109 1028 2164 Nec
1042 2107 1150 2174 frustra,
1163 2108 1228 2181 quia
1241 2108 1316 2164 nulla
1332 2124 1382 2164 suo
1397 2125 1449 2180 pro
1459 2108 1583 2165 carmine
1597 2109 1673 2165 dona

969 2197 1101 2262 Emeruit,
1118 2197 1209 2253 saltim
1224 2205 1252 2253 ut
1266 2197 1333 2253 fulvi
1347 2213 1411 2270 pars
1425 2197 1528 2254 extima
1542 2198 1641 2272 nigros

969 2284 1035 2340 huri
1048 2283 1155 2341 collatis
1170 2285 1275 2341 meritis
1295 2286 1458 2360 depingeret
1474 2293 1560 2342 artus.

970 2374 1075 2430 Interea
1088 2374 1198 2448 magnis
1213 2374 1348 2445 crepitant
1363 2375 1483 2431 tabulata
1502 2374 1634 2443 cateruis,

455 2443 598 2500 sibifilia·
969 2460 1038 2530 Quae
1050 2462 1155 2520 clarum
1166 2463 1289 2538 sequitur
1302 2464 1486 2535 pulcherrima
1504 2465 1586 2520 turba
1599 2465 1720 2537 lfoysen.

115 2533 186 2592 Novi
201 2531 340 2606 equidem,
355 2530 406 2589 sed
422 2530 496 2588 felici
512 2546 653 2605 uunquam
673 2531 760 2589 obfuit
774 2531 813 2589 illi
969 2550 1104 2623 obstupui
1118 2551 1205 2608 saggo,
1219 2552 1336 2626 gemmis
1352 2568 1473 2626 ,umque
1487 2553 1632 2617 decorum,

117 2621 247 2678 Adversis
262 2620 374 2678 firmare
388 2620 517 2689 animum,
534 2637 623 2693 aeque
633 2620 765 2695 contingit
779 2621 865 2677 ullum
968 2641 1002 2697 Ep
1020 2640 1075 2696 vigi
1090 2649 1118 2697 ει
1132 2657 1239 2698 megum
1254 2641 1377 2708 volvens,
1396 2650 1454 2698 ,um
1468 2641 1579 2716 singu„
1594 2642 1677 2708 volvi,

117 2714 188 2768 Ante
202 2711 304 2768 bunum
318 2727 373 2767 non
388 2726 450 2766 esse
471 2710 590 2778 malum3
607 2710 647 2768 sic
661 2710 771 2766 numina
785 2719 885 2768 nerunt
968 2730 1010 2784 gn
1025 2729 1169 2786 &pomona
1182 2730 1268 2803 pium,
1285 2747 1319 2786 gn
1333 2746 1464 2804 mgnum
1478 2731 1587 2788 pavida
1607 2731 1735 2797 ,idel-em,

118 2802 209 2857 Aure&
225 2816 286 2873 ⁶11¹ae
300 2799 384 2872 prisii
400 2800 527 2856 (fimum
539 2799 640 2856 ⁵ae⁰¹¹¹⁸
652 2807 739 2856 “³²0⁸-
969 2817 1107 2875 llerodem
1121 2835 1176 2875 non
1191 2835 1252 2875 esse
1268 2820 1368 2886 sciens,
1384 2835 1435 2876 nec
1450 2820 1513 2876 talis
1535 2821 1650 2877 honoris

117 2888 252 2961 Tempore
266 2902 366 2963 magne
381 2895 428 2945 tuo
444 2890 536 2946 Coesar
555 2889 662 2945 venisse
678 2889 812 2953 uidemus,
968 2888 1142 2961 Participem,
1159 2888 1239 2945 faciat
1251 2890 1313 2946 coeli
1327 2891 1385 2946 lien
1400 2891 1520 2963 optimus
1541 2892 1629 2948 illum.

117 2977 157 3033 lu
171 2977 272 3049 pietate
287 2977 388 3049 reples,
415 2976 545 3051 quidquid
568 2978 658 3034 minus
672 2993 734 3034 esse
748 2983 880 3048 potestur,
968 2976 1082 3051 Percepi
1097 2977 1219 3048 tandem,
1235 2987 1379 3051 postquam
1396 2979 1473 3053 rigor
1487 2995 1553 3036 ossa
1575 2981 1695 3054 reliquit,

117 3066 264 3122 Thesauris
277 3065 322 3121 alii
346 3066 451 3122 meritis
469 3073 498 3122 ta
519 3066 653 3137 comptior
668 3075 737 3135 esto,
927 3062 951 3125 C
968 3065 1039 3123 Ossa
1053 3065 1125 3124 sacri
1139 3074 1266 3138 corrupta
1280 3068 1378 3136 Patris,
1394 3068 1542 3140 splendore
1557 3084 1686 3140 corusco,

116 3154 156 3209 l'u
171 3154 292 3210 bonitate
305 3153 409 3225 places,
425 3153 525 3224 aliique
548 3153 692 3224 tyrannide
715 3155 844 3228 gaudent,
967 3155 1045 3212 llunc
1055 3155 1099 3211 cui
1112 3154 1249 3230 fulgorem
1265 3156 1320 3212 divi
1333 3157 1473 3214 consortia
1497 3158 1577 3214 verbi

117 3243 197 3298 Solus
211 3241 245 3296 ad
269 3241 432 3314 omnigenos
453 3241 551 3297 transis
574 3245 634 3300 lies
648 3260 749 3317 mapoe
765 3245 916 3317 triumphos
966 3243 1124 3313 Ediderant,
1140 3243 1186 3317 qui
1201 3245 1228 3300 in
1239 3245 1384 3320 terrigenis
1399 3245 1560 3303 mitissimus
1575 3255 1673 3305 exstat.

118 3328 207 3399 Quem
222 3337 380 3403 terramque
395 3345 501 3397 uocem,
510 3330 563 3387 uisi
573 3346 703 3405 magnum
717 3333 745 3388 in
755 3333 836 3405 plebe
843 3336 916 3407 bloy-

81 1675 87 1680 ,
120 1609 158 1665 Es
172 1615 279 1677 conata,
296 1607 344 1665 tibi
359 1607 459 1665 totiens
474 1615 521 1663 aut
534 1605 615 1664 obuia
629 1606 727 1664 mortis

119 1697 161 1754 Ex
174 1697 313 1770 insperato
327 1713 427 1755 vcnere
443 1696 577 1771 repagula
591 1682 688 1770 nigra,

119 1789 173 1842 hut
183 1785 289 1844 maula
302 1786 422 1854 Petrum,
438 1802 508 1859 quos
522 1801 570 1841 arx
592 1784 762 1841 sanctissima
777 1800 885 1856 semper

119 1874 272 1941 Substituit,
288 1883 394 1947 pestem
408 1874 520 1931 monitis
535 1872 702 1946 compescuit
716 1883 811 1931 atram.

119 1960 235 2020 Deficiet
249 1978 366 2036 quorum
381 1971 519 2034 sceptrum
529 1964 564 2019 de
579 1963 683 2019 semine
697 1978 847 2036 nunquam,

119 2052 214 2109 Donec
228 2050 256 2107 in
270 2051 409 2124 ignivoma
423 2050 514 2107 veniet
528 2052 586 2108 llex
600 2053 672 2107 nube
686 2067 845 2108 coruscans.

458 2159 585 2215 Strobos.

118 2248 238 2323 Dignum
253 2255 304 2314 est,
322 2255 351 2303 ut
364 2246 455 2314 rideo,
471 2247 622 2319 premissis
644 2245 767 2303 tristibus
782 2262 848 2322 ergo

117 2338 215 2396 Debita
228 2336 398 2410 principibus
412 2335 523 2392 laudum
536 2334 694 2408 persolvere
708 2345 780 2394 rota.

809 3422 878 3496 [ξων
1107 3403 1144 3445 ΒΕ
1157 3403 1237 3446 hiano
1252 3405 1467 3450 UACHABAEORU!
1489 3409 1595 3451 emon

118 3506 171 3577 Qui
183 3507 299 3581 populos
313 3507 433 3565 tenebris
446 3525 497 3581 per
511 3509 604 3576 lumen
627 3511 705 3568 ducis
716 3511 860 3586 ademptis,
1143 3523 1299 3580 blachabaeo
1314 3523 1456 3582 minitante
1480 3527 1539 3584 suis

115 3595 168 3665 Qui
180 3612 289 3653 morum
303 3613 372 3655 noua
387 3597 486 3672 templa
502 3599 595 3670 struis,
611 3599 657 3673 qui
671 3616 785 3657 munera
799 3584 897 3658 Christi
1107 3611 1247 3681 Hostibus,
1264 3628 1395 3687 armaque
1410 3615 1534 3686 terribili,

116 3684 184 3754 Quae
197 3685 298 3743 collata
310 3685 358 3742 tibi
373 3688 477 3744 cunctis
499 3689 654 3745 communia
667 3696 788 3761 praestas.
1105 3699 1207 3757 Bellica
1217 3701 1391 3760 consociante
1407 3719 1500 3775 manu,

115 3773 164 3831 llle
177 3775 313 3845 umbram,
332 3783 361 3832 tu
375 3791 474 3849 corpus
495 3777 590 3844 habos,
606 3777 759 3835 cramaille
774 3788 879 3838 remota
1106 3787 1192 3845 liubit
1205 3789 1234 3846 in
1248 3789 1377 3862 aureolis,
1390 3791 1501 3865 rapidus

114 3865 178 3920 Arte
192 3864 399 3922 tubernaculum
423 3873 449 3921 et
469 3874 628 3938 saerpentes
643 3865 727 3923 uinxit
741 3883 825 3926 aenos
1106 3875 1153 3934 Sol
1166 3878 1279 3952 clypeis,
1305 3878 1426 3952 fulgente
1440 3887 1453 3915 ⁸
1467 3881 1550 3939 chao.

14 4014 21 4027 .
114 3951 154 4009 Ite
168 3950 245 4010 silice
259 3953 351 4010 hausit
366 3970 596 4027 aquam,sumens
611 3955 645 4012 de
660 3972 760 4013 manna
779 3957 893 4030 pruinis,
941 3998 946 4016 .
1150 3965 1276 4024 Obtinuit
1291 3966 1365 4040 legio
1386 3985 1533 4027 numerum

112 4041 151 4096 l'u
167 4056 233 4098 vero
247 4042 275 4097 in
290 4043 526 4115 populisparadisi
540 4046 576 4102 ad
598 4061 706 4102 amaena
721 4046 823 4104 vocatis
1105 4053 1191 4111 lsrael
1206 4071 1375 4129 exsuperans
1389 4058 1472 4114 cunei

113 4129 228 4204 Templa
242 4132 329 4205 regis,
345 4131 457 4189 fundata
471 4133 554 4190 sacris
575 4135 632 4191 llex
649 4151 752 4209 magne
765 4136 875 4209 lapillis,
1104 4151 1193 4222 Quem
1206 4152 1306 4211 validis
1314 4153 1424 4211 inimica
1434 4158 1537 4214 cohors

114 4216 237 4287 Quorum
251 4235 337 4292 pensa
349 4227 427 4293 pater
441 4221 578 4294 quondam
601 4223 650 4279 tibi
672 4239 790 4298 magnus
804 4226 912 4283 adauxit
1103 4240 1219 4299 munitula
1231 4241 1307 4315 prius
1327 4244 1482 4318 agminibus

111 4310 200 4364 Aurea
214 4307 258 4366 cui
272 4308 369 4365 ludunt
381 4309 495 4367 summis
510 4310 658 4369 simulacra
670 4313 805 4371 columnis
1103 4330 1138 4387 Ut
1147 4329 1279 4404 populum
1293 4340 1419 4406 quateret
1435 4335 1558 4392 Domini.

113 4396 196 4467 Cujus
209 4397 244 4454 ad
259 4396 399 4470 ingenium
413 4413 469 4456 non
483 4399 594 4457 confero
604 4401 705 4476 dogma
719 4402 838 4461 Platonis
923 4423 950 4486 Ι)
1136 4419 1190 4475 Rea
1204 4421 1513 4482 manerhaen'nnitanda
1529 4425 1583 4498 piis

111 4486 264 4543 Lactefluis
278 4494 304 4543 et
317 4487 399 4544 mella
414 4487 505 4556 simul,
515 4497 653 4563 petraque
663 4493 802 4564 sequentis
1100 4506 1176 4577 Quos
1189 4507 1265 4566 furor
1279 4509 1419 4585 exagitare
1433 4510 1486 4568 feri

111 4575 232 4650 Largiris
247 4575 351 4647 latices,
368 4577 449 4634 undis
470 4579 612 4637 Pharaone
626 4588 733 4638 necato.
1082 4648 1084 4654 ,
1100 4597 1239 4653 Daernonis
1253 4597 1372 4667 invidus,
1395 4610 1442 4657 aut
1457 4603 1582 4659 retrahit.

111 4664 251 4722 laudibus
260 4664 438 4724 altithronum
453 4667 579 4725 celebras
593 4685 644 4742 per
654 4671 757 4729 seacula
770 4670 889 4741 Patrem,
1101 4683 1230 4759 Quasque
1244 4687 1368 4759 pericula
1378 4703 1451 4745 aava
1466 4699 1589 4748 movent.

111 4753 200 4828 Digna
214 4753 277 4814 loco
292 4756 336 4813 cui
351 4773 461 4830 semper
475 4766 553 4814 erunt
568 4761 725 4832 spectacula
739 4776 849 4820 amoeno
865 4781 872 4819 ι
1101 4773 1198 4830 blartis
1212 4774 1302 4833 adhuc
1324 4777 1468 4835 terebrare
1482 4779 1584 4837 minas.

110 4842 320 4919 lliacmagnum
327 4845 568 4919 Salomonisopus,
578 4849 640 4906 hinc
652 4850 753 4923 templa
763 4853 908 4925 supremis.
1139 4863 1255 4936 hgmiua
1270 4865 1334 4920 dum
1356 4873 1401 4921 tua
1413 4867 1474 4936 jnra
1485 4869 1555 4924 velis

110 4929 257 4990 structuris
270 4935 404 5007 aequarma
417 4935 527 5005 micant,
543 4937 697 5009 specularia
711 4941 805 4999 subter
1103 4949 1171 5020 Quae
1184 4951 1234 5009 tibi
1248 4954 1332 5010 nutrit
1347 4936 1447 5012 alendo
1467 4957 1589 5028 animm,

111 5018 183 5076 Dant
196 5021 303 5096 insigne
313 5041 421 5093 nemus,
431 5025 566 5098 viridique
581 5027 699 5085 volantia
712 5037 802 5101 prato,
1102 5039 1229 5098 Sternere
1239 5043 1362 5100 subsidio
1386 5044 1497 5103 Domini

112 5106 250 5164 Murmura
264 5111 386 5170 rivorum
398 5113 494 5172 ludunt
507 5115 682 5191 pecudesque
701 5117 821 5193 ferreque
1101 5129 1198 5186 Castra
1213 5131 1331 5188 volatilis
1352 5132 1425 5190 exitii

111 5194 159 5252 Uri
173 5210 236 5252 cum
250 5201 347 5270 servis,
363 5202 464 5260 timidis
479 5221 542 5261 cum
556 5221 654 5279 caprea
668 5207 766 5279 dalnis,
1101 5217 1213 5276 llostica
1225 5221 1355 5294 providus
1368 5238 1442 5279 arma
1456 5232 1531 5282 ncta.

111 5284 140 5341 Si
156 5300 266 5358 quoque
280 5287 379 5346 deinde
391 5291 470 5363 velis,
488 5295 625 5351 saltabunt
639 5296 689 5352 rite
703 5297 808 5370 leones,
1135 5308 1256 5364 Luminis
1270 5311 1365 5384 accipe
1384 5311 1435 5368 rita
1449 5311 1550 5372 ducem

111 5375 207 5443 Ursus,
219 5389 296 5448 aper,
311 5379 451 5451 panthera,
467 5382 556 5455 lupus,
573 5385 677 5457 lynces,
692 5387 839 5459 elephanti,
1100 5395 1135 5453 lit
1149 5397 1211 5456 loca
1223 5398 1307 5472 plana
1335 5400 1426 5473 quiete
1448 5410 1513 5474 pete

110 5462 290 5534 Rhinoceros,
306 5465 390 5538 tigres
404 5471 522 5541 venient,
538 5474 687 5547 domitique
700 5476 836 5535 dracones
1100 5486 1217 5557 Campus
1231 5503 1325 5545 amore
1338 5489 1415 5558 iuvet
1437 5491 1551 5563 patulus

138 5617 285 5678 armante,
297 5617 401 5685 dunch,
412 5622 464 5670 not.
481 5632 528 5670 ma.
