3772 6112
383 277 519 336 GLOSSA
535 279 739 337 Ottotttttttt.
770 310 805 322 —
830 280 892 337 cto.
905 280 1049 339 ACTUUM
1065 280 1187 340 trost.
1554 285 1607 345 126

92 412 118 462 to
131 405 213 461 venit.
238 405 395 461 Productior
423 407 494 460 enim
517 421 597 476 pmna
620 412 662 460 est
679 406 798 477 quarnA
848 406 1051 480 Saperpeetas.
1066 408 1095 461 ln
1106 407 1285 478 pectoralesu
1301 414 1362 463 sunt
1375 424 1471 466 omnes
1482 410 1609 469 thesauri

92 510 213 566 ecparra
228 494 368 550 rideretur
392 495 481 565 eulpa,
498 494 520 548 si
531 511 593 549 omn
607 493 654 550 illa
668 493 761 548 auler—
812 497 960 567 sapientire
969 500 998 551 et
1004 496 1131 552 scientie
1139 496 1307 563 absconditi,
1319 513 1399 568 super
1405 498 1477 569 quod
1485 499 1610 554 recubuit

92 599 138 639 na.
153 583 203 638 Est
219 582 280 638 ideo
294 583 380 638 valed
396 584 655 640 demonstrationem
664 582 762 637 debitae
811 599 892 655 quem
905 583 1002 653 majori
1015 583 1120 640 centenis
1143 584 1282 655 sapientiae
1309 593 1335 640 et
1350 585 1469 641 soientiae
1494 585 1609 658 singula·

100 672 145 729 rel
171 672 207 727 ad
222 671 438 746 emendationem
459 671 546 726 labilis
568 672 638 738 vitae,
664 671 706 725 vel
728 671 761 724 ad
812 671 849 725 ris
857 688 967 728 munere
983 672 1076 739 donat,
1098 673 1123 727 in
1144 688 1198 744 quo
1212 671 1380 745 figurabatur
1395 682 1494 746 quanta
1508 690 1610 732 arcana

92 761 178 816 iconem
207 761 372 815 necessariae
409 760 545 830 patientiae
574 759 760 832 temporaliter
812 761 949 816 divinitate
964 777 1020 833 prae
1034 761 1223 817 caeterisesset
1237 762 1393 835 scripturus.

92 849 195 904 minem
232 865 322 920 paena,
352 848 432 904 etiam
470 866 550 921 quem
588 849 642 918 jam
685 864 762 903 reum
846 850 930 905 t'nns.
946 852 991 907 111.
1007 880 1042 891 -
1056 852 1182 917 Domine,
1202 851 1246 907 lttc
1261 851 1433 925 autemqetd
1450 856 1461 908 t
1477 851 1545 920 Quia
1559 868 1608 908 au-

92 946 125 994 tet
164 939 262 1009 eulpa,
293 945 319 992 et
346 937 404 993 haec
440 945 481 992 est
518 939 614 992 horum
655 936 762 992 dierum
812 936 897 992 dierat
912 938 1005 993 Petrus
1025 955 1054 994 se
1077 938 1298 1012 crucifigendum,
1315 940 1399 996 voluit
1424 941 1506 997 etiam
1520 940 1608 997 fratris

92 1027 124 1086 od
137 1043 193 1083 non
203 1027 429 1098 reprehendenda
443 1026 571 1082 conditio.
585 1029 681 1083 Pasce.
697 1026 762 1080 Pas·
812 1042 981 1098 cognoscere
996 1026 1105 1082 exitum.
1329 1017 1332 1023 ’

92 1124 151 1173 sest
166 1116 309 1172 eredentes
324 1133 359 1170 ne
374 1114 500 1170 deficiant
521 1115 687 1180 confortare,
706 1122 762 1170 ter·
848 1116 934 1170 Vsus.
949 1119 994 1173 ιι.
1007 1117 1096 1172 -Sic
1111 1118 1375 1184 cumratomcrrere,
1389 1117 1607 1176 donecucrriam.

92 1205 170 1269 sidia,
200 1205 224 1259 si
252 1221 366 1260 necesse
396 1213 447 1270 εει,
464 1204 581 1258 subditis
613 1204 762 1276 providere
811 1203 882 1260 Nolo
897 1219 960 1258 curn
972 1219 1022 1276 per
1036 1204 1196 1276 martyrium
1219 1221 1418 1273 consummare,
1435 1205 1484 1263 sed
1498 1224 1611 1281 exspec-

100 1293 228 1352 virtutum
262 1293 396 1365 praebere,
428 1293 589 1349 adversariis
618 1294 761 1360 obsistere,
812 1299 870 1347 tare
886 1308 946 1347 eum
961 1291 1097 1363 placidam
1112 1293 1202 1348 carnis
1216 1311 1273 1350 sna·
1288 1294 1485 1352 absolutionem
1501 1293 1609 1370 quando

92 1399 112 1440 ts
125 1384 276 1456 corrigere.
814 1397 866 1453 ego
877 1380 989 1437 veniens
1000 1380 1130 1452 recipiam
1141 1399 1203 1438 eum
1217 1382 1246 1438 in
1262 1391 1391 1439 aetemanr
1405 1384 1608 1442 beatitudinem.

98 1475 143 1528 18.
157 1473 271 1528 -Cam
284 1472 525 1527 nrmrnsenuerts.
536 1471 682 1526 Passurum
693 1487 763 1542 prae-
849 1470 934 1525 Vnns.
951 1472 996 1528 2³.
1013 1500 1048 1510 —
1062 1471 1097 1526 m
1111 1487 1169 1528 mon
1183 1471 1262 1528 dixit
1271 1473 1307 1529 et.
1321 1472 1383 1528 Non
1397 1472 1448 1544 [est
1462 1473 1612 1547 intelligen-

92 1560 97 1616 ἰ
124 1569 289 1633 negaturum
316 1560 490 1630 predixerat,
516 1559 638 1628 bociam
658 1565 764 1631 poterat
814 1559 878 1615 dum
897 1558 970 1630 quod
984 1558 1102 1615 Joannes
1112 1575 1167 1616 non
1181 1559 1216 1615 sit
1240 1568 1363 1617 mortuus
1384 1561 1413 1618 in
1437 1577 1531 1630 carne,
1560 1561 1609 1619 sed

92 1647 165 1705 tione
181 1647 310 1713 firmatus,
328 1648 400 1719 quod
422 1648 567 1703 immature
586 1646 764 1719 pollicebatur
814 1646 946 1720 quidquid
960 1655 1023 1703 ante
1037 1663 1146 1719 passus,
1158 1649 1231 1721 quod
1245 1648 1368 1705 ultimum
1382 1648 1410 1705 in
1423 1665 1491 1722 pace
1506 1650 1611 1709 senium

92 1733 170 1793 ‚tarn
186 1752 240 1792 non
254 1736 348 1792 metuit
363 1737 442 1806 hujus
463 1731 525 1792 ritae
533 1736 680 1803 interitum,
702 1736 764 1808 quia
778 1735 913 1824 Bfrniret.
928 1736 991 1792 Non
1019 1737 1091 1792 enim
1114 1753 1242 1809 magnum
1269 1746 1327 1793 arat
1348 1738 1412 1794 dare
1439 1739 1537 1797 dilecto
1556 1754 1611 1795 nou

92 1831 125 1882 tte
134 1825 250 1882 Domino
261 1826 323 1880 vitae
331 1825 589 1896 alteriuspraecessit
598 1823 763 1896 exemplum.
816 1824 894 1895 mori,
924 1840 986 1882 cum
1012 1824 1126 1882 dissolvi
1141 1834 1168 1882 et
1196 1841 1259 1884 esse
1281 1842 1344 1883 cnm
1359 1826 1467 1884 Christo
1480 1827 1515 1885 sit
1527 1827 1611 1886 multo

115 1916 159 1971 19.
190 1944 225 1955 -
250 1915 286 1970 tt
303 1931 368 1970 carn
392 1914 441 1971 boc
465 1914 595 1970 dixisset.
627 1912 676 1969 Hic
703 1913 767 1968 ditis
814 1913 920 1970 melius.

92 2019 148 2072 sus
162 2003 246 2069 abire,
261 2010 288 2057 et
301 2002 423 2057 nondum
439 2001 573 2057 intellecto
590 2002 662 2074 quod
685 2001 765 2057 audi·
849 2001 936 2060 Vens.
951 2001 1000 2060 et.
1019 2032 1054 2044 -
1066 2003 1118 2061 ttte
1132 2006 1184 2071 cst,
1201 2011 1254 2061 etc.
1270 2002 1321 2061 Hic
1336 2013 1429 2078 aperte
1444 2019 1522 2062 suam
1535 2003 1611 2064 desi·

92 2106 149 2148 scre
163 2107 217 2158 me,
234 2090 317 2162 eoepit
332 2090 426 2145 Petrus
434 2089 544 2146 incessu
559 2090 660 2160 pedum
676 2089 763 2161 sequi,
815 2096 881 2164 gunt
896 2105 1044 2162 personam
1058 2107 1092 2148 ex
1108 2090 1207 2161 officio,
1228 2092 1301 2165 quod
1314 2093 1400 2151 noluit
1418 2092 1612 2168 designarem

92 2186 127 2236 εει
141 2187 168 2235 ει
182 2179 303 2235 ioannes
319 2178 364 2251 qui
378 2178 480 2234 sciebat
495 2194 525 2233 se
539 2177 626 2251 diligi.
815 2178 958 2235 vocabulo.
1444 2170 1449 2175 ’

104 2271 150 2327 2⁰.
176 2298 211 2309 —
233 2271 318 2336 Quem
335 2268 470 2339 dtttqebnt
487 2270 577 2324 tems.
590 2266 725 2339 Diligebat
740 2273 766 2321 et
852 2266 990 2324 Versat.
1006 2293 1041 2309 -
1055 2263 1109 2332 Nec
1122 2267 1504 2342 ipsamarhitrormandum.
1516 2269 1612 2344 (hnc.)

92 2355 273 2413 dismiliarus
287 2357 367 2411 istum
382 2355 492 2412 donarit
504 2354 608 2426 potiore
623 2354 766 2411 dulcedine
815 2355 877 2412 Non
888 2354 975 2427 spatio
988 2353 1121 2422 locorum,
1138 2355 1303 2413 credendum
1318 2366 1360 2413 est
1373 2357 1503 2415 mundum
1515 2374 1612 2432 capere

92 2445 136 2514 ris,
153 2446 217 2518 quia
230 2445 308 2517 virgo
319 2445 422 2501 electus
437 2444 540 2515 abipso
553 2443 630 2517 virgo
640 2459 767 2516 perman·
816 2458 872 2500 non
885 2458 977 2515 posse,
999 2451 1063 2511 etc,
1079 2461 1166 2518 arque
1182 2445 1218 2502 ad
1232 2445 1301 2502 siout
1328 2444 1374 2503 atti
1396 2446 1475 2520 tropi,
1492 2448 1545 2506 hoc
1570 2453 1613 2505 est

92 2543 141 2592 tet
150 2543 267 2590 matrem
280 2535 306 2589 ei
320 2533 528 2591 commendavit.
800 2530 982 2589 ⁴locutionum
994 2531 1078 2588 modi.

92 2623 207 2695 >Tacito
223 2623 332 2679 nomine
348 2622 512 2678 discernitur
525 2620 645 2677 ioannes
658 2637 674 2675 a
688 2627 767 2676 caete-
854 2611 909 2678 Nec
927 2621 1033 2694 ipsam.
1049 2621 1111 2677 Non
1125 2619 1191 2678 dicit
1200 2620 1286 2694 spatio
1300 2637 1355 2678 non
1382 2637 1465 2694 posse
1479 2624 1548 2697 cepi,
1564 2626 1614 2681 sed

92 2728 197 2786 ,esque
213 2712 249 2769 ad
271 2711 316 2784 qui
331 2711 407 2784 virgo
431 2719 472 2767 est
494 2710 613 2766 loannes
641 2709 768 2766 convenit
817 2709 966 2781 capacitate
975 2708 1340 2784 legentium‚quamvissalva
1349 2709 1611 2786 fidererumplerum

92 2800 164 2872 ritae,
194 2799 241 2855 ubi
264 2816 352 2873 neque
381 2801 483 2856 nubent
507 2816 596 2871 neque
621 2799 766 2856 nubentur.
818 2814 871 2872 que
885 2798 1125 2857 rerbavideantur
1133 2799 1267 2858 excedere
1279 2799 1361 2859 iidem
1370 2816 1422 2874 per
1435 2801 1613 2877 hyperbolen.

477 3098 481 3104 “
520 3083 674 3161 Actus
704 3083 1065 3161 APOSTOLORUM.

140 3341 329 3400 PROLOGUS
344 3343 373 3398 B.
391 3340 597 3400 uterorum.
788 3342 940 3406 Gsanctus.
956 3340 1015 3408 vet,
1033 3349 1146 3414 propter
1161 3341 1290 3414 Spiritum
1303 3333 1443 3418 praecepit,
1472 3345 1537 3420 quia
1562 3362 1618 3405 non

826 3430 990 3502 praeciperet
1000 3429 1054 3485 nisi
1071 3429 1187 3501 Spiritus
1200 3438 1331 3487 venturus
1345 3440 1427 3492 esset.
1443 3435 1545 3507 erepte
1561 3437 1620 3495 Hoc

828 3519 863 3573 ad
878 3517 987 3575 laudern
999 3518 1195 3590 apostolorum,
1212 3533 1326 3591 quorum
1334 3527 1409 3577 nctus
1422 3522 1543 3581 scribere
1556 3540 1619 3597 pro·

229 3591 341 3647 CAPUT
366 3591 511 3648 PRIMUM·
824 3605 911 3677 ponit,
928 3607 1052 3663 vertitur.
1065 3608 1241 3679 Assumptus.
1256 3610 1280 3663 A
1295 3608 1448 3680 Divinitnte,
1460 3611 1504 3669 vel
1518 3627 1536 3668 a
1548 3612 1620 3671 nube

109 3700 136 3755 1.
152 3727 188 3739 -
198 3699 360 3755 Sermonem
374 3698 441 3768 feei.
457 3697 488 3751 ld
511 3704 563 3765 est,
581 3693 678 3767 scripsi
690 3712 697 3750 :
709 3693 773 3767 quia
824 3702 989 3766 assumptus,
999 3695 1076 3767 quasi
1090 3711 1172 3751 verus
1186 3696 1277 3753 homo.

92 3794 155 3844 rest
169 3786 284 3858 operari.
300 3786 349 3841 Vel
365 3786 417 3841 hoc
442 3785 479 3839 ita
499 3784 574 3855 dicit,
604 3781 665 3856 quia
696 3781 775 3839 lactis
859 3781 1027 3840 Vens.³.-
1043 3784 1147 3840 Vivam.
1164 3784 1270 3856 Corpus
1294 3784 1385 3842 vivum
1412 3793 1440 3842 et
1467 3788 1620 3861 proprium,

99 3890 163 3933 esse
191 3874 307 3945 scriptor
334 3873 489 3946 Evangelii.
505 3873 578 3929 Feci.
600 3872 682 3928 Totus
705 3871 775 3926 liber
824 3884 879 3926 non
911 3871 1111 3941 phantasticum
1135 3873 1207 3943 quod
1241 3880 1268 3928 et
1292 3874 1409 3944 apostoli
1434 3887 1620 3948 cognoverunt

92 3962 199 4020 liiunus
214 3977 304 4018 sermo
319 3961 424 4027 dicitur,
442 3976 475 4016 oo
490 3960 563 4032 quod
577 3960 677 4015 habeat
691 3976 775 4015 unum
824 3966 955 4031 tanquam
984 3958 1165 4015 notissimum.
1203 3962 1255 4015 Aut
1276 3960 1376 4029 vivum,
1401 3978 1435 4020 eo
1462 3964 1535 4036 quod
1559 3974 1622 4038 post

101 4059 171 4108 :aut
185 4051 322 4122 singulare
337 4065 387 4121 pro
400 4048 507 4120 plurali.
523 4048 704 4120 Evangelium
733 4055 775 4104 est
824 4053 938 4103 mortem
965 4045 1083 4103 vivebat.
1106 4047 1155 4104 Vel
1184 4047 1284 4116 vitum,
1318 4048 1346 4104 id
1365 4058 1407 4107 εει
1428 4052 1543 4124 amplius
1566 4071 1620 4115 non

92 4138 251 4205 mundatio,
268 4153 320 4210 qua
334 4136 506 4192 annuntiatur
526 4137 635 4209 requies
647 4143 710 4207 post
731 4134 774 4190 la·
824 4135 993 4192 moriturum.
1008 4137 1063 4192 Per
1077 4135 1145 4193 dies.
1160 4135 1222 4192 Non
1247 4144 1337 4194 tamen
1365 4138 1406 4194 eis
1433 4155 1483 4212 per
1507 4142 1621 4215 quadra-

97 4243 214 4303 regnum
229 4234 291 4299 post
314 4225 461 4294 servitium,
484 4225 537 4279 vita
562 4232 623 4295 post
648 4231 772 4280 mortem.
824 4222 901 4294 ginta
937 4222 997 4280 dies
1030 4223 1172 4280 continuos
1200 4226 1325 4296 apparuit
1341 4235 1421 4300 :post
1445 4227 1518 4285 diem
1546 4230 1620 4288 enirn

92 4317 167 4375 das.
183 4316 268 4371 Dictis
293 4323 319 4370 ει
332 4314 408 4370 laetis
429 4313 528 4370 Christi
556 4329 617 4384 quae
643 4311 774 4382 judicavit
824 4310 1033 4367 resurrectionis
1052 4311 1121 4368 alios
1144 4321 1258 4385 quatuor
1271 4313 1331 4370 dies
1341 4316 1519 4374 intervenisse
1532 4317 1619 4376 toan·

92 4404 164 4479 ligna
186 4404 230 4460 rel
252 4404 349 4459 idonea
371 4419 427 4458 suae
450 4400 657 4473 dispensationi.
690 4401 773 4457 Theo·
824 4415 873 4454 nes
887 4396 1036 4455 dicitl’ost
1044 4415 1113 4472 quos
1127 4417 1223 4456 rursus
1231 4402 1355 4472 apparuit
1362 4418 1413 4474 per
1422 4404 1617 4478 quadragmta:

92 4492 245 4565 Theophilus
272 4491 344 4547 idem
372 4499 414 4545 est
434 4490 506 4562 quod
525 4489 575 4545 liei
599 4489 712 4554 amicus,
729 4488 773 4544 vel
824 4485 887 4559 quic
902 4487 1080 4561 quadraginta
1095 4487 1168 4543 horis
1184 4496 1303 4544 mortuus
1317 4490 1414 4558 iuerat,
1440 4492 1619 4566 quadraginta

92 4588 167 4639 ttor:
184 4589 211 4637 et
225 4581 249 4635 si
262 4588 291 4634 tu
314 4580 352 4634 sis
366 4578 469 4635 amicus
483 4578 543 4645 Dei,
561 4576 608 4632 tibi
636 4576 770 4633 scribitur.
823 4574 920 4631 dlebm
943 4591 973 4632 se
1000 4575 1093 4632 vivere
1120 4576 1270 4632 consumat.
1301 4578 1336 4633 Et
1363 4594 1412 4649 per
1439 4579 1617 4655 quadraginta

92 4670 139 4745 pit
160 4671 355 4740 terrefacere.
381 4671 404 4722 ll
429 4667 563 4738 baptismo
577 4665 690 4722 ioannis
719 4680 772 4736 quo
786 4671 903 4758 Dtypus
916 4663 1059 4734 praesentis
1088 4663 1190 4731 saeculi,
1207 4681 1260 4736 quo
1287 4665 1410 4723 Christus
1436 4667 1464 4723 in
1490 4669 1616 4727 Ecclesia

92 4757 217 4831 iptizatus
232 4765 283 4827 est,
302 4772 388 4829 osque
405 4756 520 4812 tedicus
535 4770 587 4826 quo
615 4761 770 4825 assumptus
822 4759 956 4818 versatur,
976 4759 1066 4824 potest
1080 4751 1195 4824 intelligi
1219 4770 1226 4808 ι
1244 4751 1301 4809 sire
1317 4753 1380 4826 quia
1396 4756 1478 4814 horno
1500 4765 1615 4831 quatuor

92 4846 165 4905 munt
181 4864 188 4901 ε
205 4845 267 4918 quia
282 4845 317 4900 de
330 4852 384 4901 toto
399 4844 447 4899 illo
471 4852 591 4914 tempore
602 4843 687 4898 Lucas
712 4858 770 4897 ser·
820 4847 948 4896 constans
962 4840 1112 4912 elementis,
1130 4840 1251 4898 emditur
1264 4850 1361 4900 contra
1370 4846 1616 4918 transgressionem

92 4934 185 5004 texuit,
210 4935 255 5006 qui
284 4934 311 4989 in
335 4932 388 4988 line
416 4931 557 5004 Evangelii
584 4931 620 4985 ita
640 4930 769 5001 scripsit:
820 4928 961 5002 Decclogi.

92 5024 260 5090 memoret,
283 5023 399 5079 recessit
418 5022 451 5076 oh
472 5022 512 5076 cis
534 5024 563 5076 et
580 5020 726 5091 serebatur
738 5021 771 5075 tn
856 5017 941 5072 Vens.
957 5018 985 5073 1.
1000 5046 1035 5058 -
1050 5018 1231 5075 convescens.
1246 5017 1332 5093 Signa
1342 5019 1399 5076 veri
1414 5019 1536 5094 corporis
1560 5039 1611 5081 an-

102 5113 331 5170 Facmessonum
358 5110 496 5166 doctorem
524 5107 638 5163 instituit
661 5107 705 5164 vel
727 5107 770 5173 in.
820 5105 933 5175 nuntiat,
962 5104 1105 5178 quianon
1131 5121 1186 5162 nno
1214 5107 1338 5179 corporis
1361 5124 1452 5180 sensu,
1480 5111 1530 5166 sed
1543 5112 1612 5183 risu,

92 5193 210 5253 dtaciat
224 5194 296 5266 quod
310 5194 402 5249 docet.
820 5193 922 5262 auditu,
951 5200 1033 5264 tactu,
1051 5195 1219 5265 apparendo,
1248 5194 1397 5268 loquendo,
1420 5201 1608 5256 convescendo

92 5286 176 5343 ‚2-
190 5283 361 5355 Proeetpiens
376 5282 508 5354 apostolis
523 5280 772 5351 pradimraEvan-
821 5281 944 5354 probavit
959 5297 990 5337 se
1004 5282 1194 5337 resurrexisse.
1215 5284 1442 5352 promissionem,
1459 5303 1540 5359 quam
1552 5303 1615 5358 pro·

92 5372 430 5444 rersptrttnmsnncmm,
448 5369 773 5441 perquemprredicatum
821 5370 895 5424 misit
908 5386 957 5441 per
969 5370 1038 5438 lael,
1059 5379 1088 5426 ut
1113 5370 1225 5425 habetur
1237 5371 1265 5427 in
1289 5374 1488 5445 sequentihus:
1512 5384 1538 5432 et
1559 5374 1583 5430 si
1599 5389 1616 5429 a

92 5460 221 5534 agelium,
237 5460 302 5531 quia
324 5460 406 5515 verba
421 5458 578 5528 inspirabat,
596 5467 623 5512 ει
646 5456 771 5513 fiduciam
822 5456 931 5514 Christo
944 5456 1057 5525 laetae
1072 5461 1149 5515 Patre
1163 5467 1252 5514 tamen
1260 5461 1447 5532 complebitur.
1460 5462 1509 5518 Vel
1520 5463 1613 5516 Patris

92 5557 124 5606 ιι.
144 5549 203 5616 Vel,
213 5549 382 5621 precipiens
386 5564 437 5621 per
443 5548 582 5619 Spiritum
592 5551 733 5610 sanctum,
746 5545 773 5599 id
823 5547 927 5615 dicitur,
943 5547 1005 5620 quia
1018 5547 1047 5604 in
1060 5547 1118 5617 ejus
1130 5548 1232 5614 Verbo,
1264 5548 1293 5604 id
1308 5549 1480 5616 artemisio,
1504 5546 1614 5620 promit-

92 5636 203 5695 tttttins
230 5637 361 5708 precipit,
389 5635 511 5707 praecipit
526 5642 553 5692 ει
567 5636 618 5693 hoc
634 5633 773 5706 Spiriritus
823 5634 898 5692 titur.
1193 5702 1198 5713 ¹

112 5734 236 5799 Parnoi..
256 5733 350 5792 cxlv.
1480 5732 1514 5788 tt

164 3469 244 3540 (Vide
270 3470 347 3525 inter
361 3467 537 3541 operarius.)
