3772 6112
180 197 247 260 flia

176 323 315 387 llmbclfas
326 325 447 396 iaculata
461 322 568 390 breves,
585 323 737 397 spiramina
751 326 823 381 renti

177 417 211 477 Bt
225 415 317 475 radios
331 414 428 473 Phoebi
441 414 533 472 caules
549 413 710 471 transmittit
723 415 759 473 ad
771 415 850 485 imos,

103 530 107 539 ·
178 507 340 577 dttactuque
354 519 454 578 graves
468 501 523 560 leni
538 502 670 575 dispergit
685 503 795 561 odoram.

178 592 243 651 lianc
257 607 318 649 cum
334 590 475 663 multiplici
489 591 580 661 vigeat
595 591 692 647 virtute
707 591 831 656 medela.

178 679 281 740 Dicitur
294 679 406 739 occultis
421 678 545 752 apprime
560 679 668 735 obstare
681 680 806 748 venenis,

177 767 331 842 Toxicaque
345 767 449 827 invasis
463 767 638 827 incommoda
653 768 757 839 pellere
771 767 858 827 tibris.

443 874 488 929 tv.
518 877 704 931 Annorouuu.

176 989 233 1046 Nec
248 989 337 1044 minus
351 990 481 1045 abrotoni
493 996 649 1061 promptum
663 997 705 1046 est
718 990 845 1047 mirarier
858 992 913 1048 alte

176 1078 305 1134 Pubentis
319 1077 439 1144 frutices,
456 1087 483 1134 et
497 1095 564 1150 quas
578 1078 694 1150 inspicat
708 1079 806 1135 aristas

176 1167 323 1223 Remorum
335 1167 455 1233 ubertas,
472 1175 568 1222 tenues
579 1168 681 1222 imitata
698 1168 821 1239 capillos.

175 1255 260 1326 liujus
274 1255 417 1311 odoratum
427 1255 502 1311 lento
517 1272 580 1312 cum
594 1256 696 1312 vimina
710 1256 814 1314 crinem

176 1344 290 1401 Paeoniis
304 1352 428 1416 carptum
442 1345 555 1416 prodest
569 1346 687 1402 miscere
701 1344 817 1401 medelis

175 1433 307 1490 Febribus
320 1433 411 1489 obstat
425 1433 508 1502 onim,
524 1434 609 1490 telum
622 1434 707 1508 fugat,
722 1433 833 1503 adjnvat
844 1440 920 1490 artus

174 1521 250 1592 Quos
263 1522 366 1579 incerta
376 1522 475 1594 premit
489 1522 597 1580 furtiva
610 1523 708 1592 injuria
722 1531 816 1596 guttas.

175 1611 308 1669 Praeterea
323 1619 363 1668 tot
376 1611 460 1669 habet
473 1611 546 1669 viras
560 1620 627 1684 quot
642 1611 688 1667 fala
702 1626 848 1671 canutum

457 1727 490 1784 V.
520 1728 685 1784 cacanum.

172 1811 276 1890 ‘liaud
291 1850 371 1894 secus
385 1833 523 1909 altipetax,
541 1843 663 1894 semente
678 1832 821 1891 cucurbita
834 1832 882 1890 vili

173 1925 341 1996 assurgens,
356 1923 459 1995 parmis
473 1923 599 1983 foliomm
613 1923 726 1980 suscitat
739 1922 851 1979 umbras

172 2010 312 2084 lugentes,
328 2009 487 2085 crebrisque
498 2010 563 2082 jacit
577 2009 728 2068 retinacula
742 2010 826 2067 ramis
842 2027 849 2064 ε

173 2101 213 2155 dc
236 2099 309 2158 velut
334 2099 437 2158 ulmum
458 2099 560 2161 hedera
588 2099 722 2176 implicuit
752 2115 811 2156 cum
836 2097 970 2155 frontibus

866 2186 967 2259 [allaim

172 2272 253 2336 Ruris
266 2276 389 2351 abusque
403 2277 465 2334 sinu
480 2276 529 2336 toti
543 2291 594 2335 sua
616 2275 725 2332 brachia
741 2276 845 2333 circum
880 2354 883 2359 θ

171 2364 245 2421 Lara
259 2364 334 2425 dedit
349 2365 435 2441 ligna,
451 2381 643 2437 summumque
657 2373 750 2424 secuta
763 2380 892 2435 cacumen

171 2451 288 2514 Corticis
301 2453 419 2513 occuluit
433 2454 514 2513 viridi
528 2454 657 2513 tutamine
673 2468 757 2528 rugas
774 2470 780 2508 :

171 2544 226 2599 dut
240 2542 410 2600 arbustivum
424 2542 488 2601 vitis
502 2559 600 2616 genus,
616 2542 716 2600 arbore
730 2557 792 2598 cum
808 2558 838 2597 sc

169 2629 305 2702 Explicuit
318 2631 425 2708 quavis,
441 2647 633 2705 ramorumque
647 2631 699 2686 alta
713 2630 852 2702 corymbis

171 2718 277 2788 Vestiit,
294 2729 321 2778 et
332 2720 448 2794 propria
462 2737 571 2778 sursum
585 2734 615 2777 se
630 2728 727 2792 sponte
740 2718 838 2775 levavit
852 2735 858 2774 :

169 2807 270 2863 visitur
283 2825 351 2882 ergo
365 2809 467 2867 rubens
482 2809 572 2867 atiena
585 2809 614 2866 in
629 2808 695 2865 sede
710 2823 834 2865 racemus

168 2896 339 2968 bopardam,
354 2897 453 2972 premit
466 2897 585 2955 tabulata
599 2898 712 2956 virentia
725 2896 858 2962 Bacchus,

167 2985 315 3056 Pampinus
329 2995 356 3043 ct
369 2985 482 3044 frondes
490 2985 621 3045 disceruit
634 2986 715 3043 latior
729 2985 808 3042 altas.

457 199 659 258 wutrtrltlnt
674 203 796 257 srlttttl
810 203 910 258 ruth.
927 203 1013 260 nott.
1029 204 1105 259 0PP.
1120 203 1222 260 PdlilS
1233 204 1281 259 lfl.
1297 200 1514 260 -caltatttta

989 329 1017 390 Α
1031 325 1159 384 Autumni
1169 327 1287 383 adventu
1301 337 1431 395 rarasat,
1447 336 1476 385 ct
1488 327 1566 384 arida
1581 328 1687 386 circum

1765 204 1828 274 ttat

1026 415 1166 475 destiterit
1180 417 1260 484 cutis,
1271 416 1344 474 inter
1357 433 1425 489 opcs
1439 418 1557 474 transire
1570 417 1697 477 ciborum

1025 503 1104 576 Saepe
1119 504 1252 570 videmus,
1269 514 1295 562 et
1308 505 1415 563 ardenti
1429 505 1566 581 sartagine
1580 507 1716 581 pinguem

1025 592 1188 650 combibere
1202 595 1337 660 arvinam,
1354 603 1379 650 et
1389 595 1527 665 placidum
1541 603 1689 670 segmenta
1698 610 1824 670 saporam

1024 679 1109 736 Ebria
1122 682 1259 737 multoties
1272 683 1376 738 mensis
1390 691 1520 753 prestare
1535 683 1677 741 secundis.

1025 767 1054 824 si
1063 784 1129 826 vero
1144 769 1230 826 aestiri
1246 770 1342 827 sinitur
1355 770 1504 842 spiramina
1518 772 1585 829 solis

1024 857 1091 914 Cum
1107 857 1238 929 genitrice
1252 860 1318 930 pati,
1335 868 1361 917 et
1376 869 1484 919 matura
1500 860 1571 919 falce
1585 859 1687 930 recidi,

1025 945 1099 1003 ldem
1115 946 1185 1002 fetus
1200 948 1228 1002 iu
1242 948 1367 1003 assiduos
1383 947 1528 1005 formarier
1543 966 1611 1006 usus
1638 944 1641 949 ’

1023 1033 1157 1097 Vesorum
1171 1035 1279 1107 poterit,
1295 1044 1372 1097 vasto
1387 1038 1452 1092 dum
1468 1037 1574 1094 viscera
1589 1046 1688 1096 ventre

1022 1123 1178 1196 Egeriruus,
1194 1122 1264 1180 facili
1281 1126 1409 1182 radentes
1424 1127 1469 1181 ilia
1482 1135 1570 1183 toruo.

1023 1211 1223 1285 Nonnunquam
1242 1214 1293 1269 hac
1307 1213 1405 1287 ingens
1421 1216 1556 1271 sextarius
1569 1216 1681 1272 abditur
1695 1216 1769 1286 alvo,

1023 1299 1162 1356 Clauditur
1176 1309 1222 1355 aut
1235 1301 1326 1372 potior
1339 1318 1474 1359 mansurae
1488 1304 1580 1374 portio
1593 1304 1684 1376 plena

1022 1390 1169 1459 Amphora,
1186 1406 1248 1461 quar
1260 1390 1339 1461 picco
1354 1390 1445 1448 linitur
1458 1392 1523 1449 dum
1539 1392 1655 1466 glutino,
1671 1403 1762 1455 currat

1023 1477 1180 1548 lucorrupta
1194 1477 1240 1534 diu
1255 1479 1385 1552 generosi
1396 1480 1468 1538 dona
1482 1481 1565 1553 agat.

1320 1606 1365 1662 Vl.
1381 1608 1521 1665 Paeonas.

987 1689 1081 1768 Blloc
1096 1710 1176 1767 simul
1190 1711 1218 1770 in
1232 1711 1331 1788 spatio,
1347 1728 1444 1785 campo
1455 1730 1509 1788 quo
1524 1712 1618 1791 figitur
1631 1715 1695 1773 imis

1022 1800 1087 1856 llaec
1100 1807 1156 1857 tam
1170 1799 1231 1857 laeta
1245 1817 1337 1876 seges,
1353 1800 1400 1860 vili
1414 1817 1497 1876 quam
1511 1803 1633 1861 carmine
1648 1804 1733 1878 pinxi,

1023 1888 1125 1944 visitur
1139 1888 1250 1947 alterins
1264 1890 1326 1948 vitis
1339 1906 1427 1964 genus
1441 1907 1515 1963 acre,
1531 1909 1583 1964 per
1590 1908 1685 1968 equor

1022 1976 1139 2049 Serpere
1153 1977 1323 2050 pulvereum,
1339 1987 1366 2037 et
1380 1978 1484 2038 fructus
1498 1981 1604 2040 nutrire
1614 1984 1744 2047 rotundus

1021 2066 1175 2125 Pomorum.
1191 2067 1256 2126 Haec
1270 2068 1378 2142 species
1391 2077 1473 2127 terra
1487 2086 1570 2142 super
1583 2070 1662 2131 arida
1674 2073 1754 2150 vulgo

1020 2153 1103 2212 Tecta
1113 2155 1218 2226 jacens,
1233 2165 1372 2215 crementa
1385 2157 1459 2229 capit
1468 2158 1663 2231 pulcherrima,
1678 2160 1762 2224 donet

1020 2241 1130 2298 Solibus
1139 2243 1331 2302 estivisdavos
1346 2245 1459 2305 intincta
1474 2242 1583 2306 colores

1019 2330 1148 2386 llassoris
1163 2332 1284 2389 calathos
1298 2340 1406 2389 matura
1421 2334 1500 2409 fruge
1515 2335 1639 2409 replerit.

1018 2419 1087 2474 Tum
1102 2419 1196 2477 videas
1211 2420 1270 2479 aliis
1285 2420 1405 2494 oblongo
1415 2429 1557 2481 stemmate
1572 2433 1696 2486 ventrem

1018 2507 1184 2575 hemissum,
1198 2509 1274 2567 nucis
1289 2510 1392 2567 autori
1406 2511 1540 2568 versatilis
1552 2512 1641 2573 instar
1657 2532 1665 2573 τ

1021 2596 1068 2653 Vel
1083 2597 1171 2669 qualis
1185 2598 1311 2654 manibus
1326 2600 1464 2672 quondam
1479 2617 1615 2673 suspensa
1626 2604 1728 2675 supinis

1018 2684 1110 2754 Lucet,
1126 2702 1212 2763 agens
1226 2687 1329 2745 circum
1343 2686 1455 2744 lomenti
1469 2688 1541 2749 bulla
1557 2691 1674 2750 salivam

1017 2773 1086 2829 date
1100 2790 1197 2832 recens
1209 2783 1362 2833 maceratur
1371 2776 1449 2849 aquis
1463 2793 1546 2849 quam
1557 2795 1656 2851 spuma
1671 2780 1772 2851 rasuris,

1017 2862 1087 2917 Dum
1100 2862 1223 2920 lentescit
1237 2863 1326 2923 adhuc
1341 2864 1432 2937 digitis
1446 2864 1622 2936 luctantibus,
1638 2876 1665 2924 ct
1679 2885 1708 2929 sc

1016 2950 1134 3007 Alternis
1148 2951 1263 3018 vicibus,
1280 2953 1422 3026 studioque
1437 2953 1598 3010 fricantibus
1615 2972 1669 3012 uno

168 3071 213 3129 Sic
227 3088 290 3129 mea
305 3073 345 3133 sic
358 3073 449 3149 fragili
464 3076 498 3132 dc
512 3076 597 3149 stirpe
613 3073 754 3133 cucurbita
771 3087 887 3147 surgens
977 3045 1001 3107 C
1016 3040 1091 3095 Inter
1104 3048 1248 3112 mamque
1257 3057 1378 3109 ΜΝ·
1394 3057 1478 3113 pm
1491 3041 1521 3097 ἧι
1535 3060 1637 3114 p⁸fv¹¹⁸
1648 3046 1721 3102 him

167 3160 262 3232 Diligit
277 3162 427 3236 appositas,
443 3177 494 3220 sua
508 3161 704 3228 sustentacula,
721 3159 821 3224 furcas,

167 3251 255 3321 atqua
269 3247 395 3320 amplexa
409 3264 475 3306 suas
486 3249 562 3307 uncis
574 3257 646 3307 tcnet
660 3248 796 3321 unguibus
811 3246 889 3306 aluos

165 3335 207 3391 Ne
222 3351 286 3391 vero
300 3333 398 3394 insano
413 3336 505 3395 divelli
520 3337 627 3397 turbine
640 3338 737 3410 possit,

166 3420 239 3490 Quot
252 3432 368 3499 generat
381 3425 478 3496 nodos,
495 3433 534 3483 tot
544 3426 601 3497 iam
615 3426 771 3484 retinacula·
780 3424 871 3481 trudit.

165 3511 200 3566 lit
212 3511 342 3584 quoniam
356 3513 491 3587 duplicem
505 3516 657 3587 producunt
672 3514 780 3589 singula
788 3514 891 3586 funem,

165 3598 292 3674 Undique
306 3599 434 3662 fulturam
445 3603 539 3663 derna
553 3604 677 3678 laevaque
692 3602 875 3676 prehendunt.

163 3688 198 3744 lta
212 3688 284 3745 velut
298 3689 326 3747 iu
340 3689 430 3749 fusum
444 3701 540 3752 nentes
554 3708 617 3750 cum
631 3709 718 3765 pensa
729 3690 829 3766 puellae

163 3775 254 3833 ilollia
268 3777 413 3858 trajiciunt,
430 3780 564 3857 spirisque
577 3781 735 3855 ingentibus
745 3795 854 3839 omnem

163 3865 284 3925 Filorum
298 3867 399 3928 seriem
412 3869 544 3942 pulchros
555 3877 691 3928 metantur
705 3870 734 3929 iu
747 3868 841 3937 orbes,

162 3953 207 4012 Sic
222 3970 295 4029 vaga
308 3956 443 4017 tortilibus
458 3958 592 4033 arnugum
606 3968 716 4018 amenta
727 3962 829 4021 catenis

162 4042 311 4112 scalarum,
327 4052 428 4105 teretes
443 4046 638 4120 involvuntque
652 4047 725 4107 illico
739 4050 842 4124 virgas.

163 4130 272 4189 Viribus
286 4140 313 4189 et
323 4133 432 4190 dmcnnt
445 4135 542 4191 aliems
556 4143 627 4193 tecta
642 4153 773 4194 cavarum

161 4220 253 4277 tlrdua
267 4222 419 4293 porticuum
433 4223 538 4280 volucri
551 4240 680 4296 superare
692 4234 787 4283 natatu
802 4245 824 4283 a.

159 4308 221 4366 fam
235 4310 297 4382 quis
311 4325 392 4383 poma
408 4320 491 4385 queat
505 4313 589 4369 ramis
603 4315 751 4384 pendentia
764 4317 870 4388 passim

159 4396 252 4454 dhan
264 4399 349 4473 digne
364 4405 451 4474 lquae
465 4417 521 4458 non
534 4401 625 4458 minus
637 4403 756 4476 undique
771 4406 853 4463 certis

160 4486 229 4547 Sunt
238 4486 353 4547 formata
366 4491 428 4555 viia,
444 4507 527 4564 quam
540 4491 564 4547 si
577 4492 705 4549 tornatile
719 4493 825 4567 lignum

159 4573 293 4647 Inspicias
307 4577 399 4635 medio
413 4593 517 4647 rasum,
532 4581 607 4652 quod
620 4582 782 4653 mymphure
796 4591 913 4642 constat.

159 4663 209 4720 llla
223 4665 343 4736 quidem,
357 4667 452 4739 gracili
463 4668 580 4740 primum
593 4670 714 4727 demissa
728 4671 848 4745 flagello,

160 4750 287 4827 Oblongo
302 4756 434 4829 tenuique
446 4756 537 4813 ferum
550 4757 672 4830 ingentia
686 4759 759 4817 collo

159 4842 281 4914 Corpora
297 4861 304 4898 ε
321 4853 378 4901 tum
391 4853 499 4902 vastum
514 4846 622 4903 laxatur
633 4847 662 4902 in
674 4848 721 4903 ilia
735 4850 852 4920 pondus,

157 4931 254 4987 Totum
268 4941 363 4991 venter
376 4934 468 5002 trabat,
485 4943 570 4993 totum
585 4937 673 5003 alvus,
690 4946 718 4994 et
731 4937 805 4995 intus
815 4938 922 4997 aluntur

157 5018 243 5076 ltlulta
257 5037 407 5081 cavernoso
423 5025 566 5097 sejunctim
581 5041 693 5082 carcere
708 5043 804 5102 grana

158 5105 287 5179 Quaetibf
301 5110 472 5169 consimilem
485 5121 600 5186 possunt
614 5113 771 5186 promittere
787 5131 917 5174 messem.

156 5195 227 5267 lpsis
242 5197 403 5270 quinetiam
418 5202 506 5260 toucri
521 5202 571 5259 sub
587 5211 711 5276 tempore
726 5204 831 5262 fructus

156 5287 225 5343 Ante
239 5286 338 5345 humor
351 5306 434 5365 quam
448 5293 539 5349 clausa
553 5291 640 5351 latens
654 5311 705 5371 per
719 5294 825 5354 viscera
840 5312 902 5353 sero

178 5446 378 5507 ⁸trraeratasma
404 5451 443 5499 est
464 5449 526 5515 ttlad
556 5455 631 5514 caput
646 5453 678 5500 ds
709 5453 849 5510 cucurbita,
869 5464 916 5503 nec
941 5466 955 5503 a

154 5514 746 5636 rpssrstunarvrasnmsmurtusconnnmnm
762 5526 869 5579 ridetur·
889 5526 955 5578 han-

1016 3128 1110 3183 Exitus
1126 3146 1132 3182 :
1150 3129 1202 3184 huc
1216 3129 1310 3186 stricto
1324 3129 1394 3186 leuis
1408 3140 1484 3188 mcat
1497 3147 1547 3189 ore
1561 3133 1627 3191 Noti
1642 3133 1693 3203 riu,

1015 3215 1203 3289 Distenditque
1215 3232 1311 3274 cavum
1326 3218 1412 3276 vitrea
1426 3219 1475 3275 auh
1491 3219 1613 3294 imagine
1627 3223 1743 3293 pondua.

1013 3303 1049 3360 Et
1063 3311 1184 3361 centrum
1198 3306 1288 3362 medio
1302 3306 1433 3379 confingit
1448 3307 1529 3364 labile
1544 3308 1639 3377 tanda.

1013 3392 1139 3466 Undique
1154 3395 1298 3452 conveniat
1311 3396 1413 3453 camari
1426 3412 1480 3469 quo
1494 3396 1606 3457 inflexio
1619 3400 1696 3460 nau.

1013 3480 1089 3555 Ergo
1104 3482 1198 3553 calybs
1212 3483 1292 3553 hujus
1306 3492 1430 3555 penetrat
1444 3485 1509 3543 dum
1524 3486 1634 3548 ruram
1647 3488 1734 3560 pomi,

1012 3569 1093 3626 Elicit
1106 3571 1229 3627 humoris
1244 3572 1336 3646 largos
1350 3589 1414 3631 cum
1427 3575 1533 3634 semine
1548 3576 1624 3635 rivos

1012 3656 1152 3729 llaltiplici
1167 3675 1174 3715 :
1189 3667 1246 3716 turn
1259 3660 1360 3719 deinde
1374 3677 1471 3720 cavum
1486 3678 1536 3735 par
1549 3664 1667 3735 plurima
1682 3672 1772 3739 tergus

1012 3744 1110 3802 Frusta
1123 3763 1206 3803 mann
1215 3763 1352 3822 spargens
1365 3750 1507 3810 hortorum
1519 3751 1599 3812 tatus
1613 3753 1721 3825 opimas

1008 3833 1130 3891 ¹Delicias
1147 3836 1261 3893 conviva
1275 3838 1356 3909 capit,
1373 3839 1529 3912 candorque
1543 3856 1682 3917 saporque

1011 3922 1157 3980 Oblectaut
1171 3924 1265 3983 fauces
1281 3943 1288 3982 :
1304 3943 1355 3985 nec
1368 3928 1452 3986 duros
1465 3928 1514 3987 illa
1527 3929 1649 3992 molares

1010 4011 1082 4068 Esca
1097 4020 1206 4084 stupere
1219 4014 1294 4079 facit,
1310 4014 1383 4073 facili
1398 4016 1447 4075 sed
1462 4034 1558 4076 mansa
1572 4028 1671 4081 voratu

1010 4099 1043 4157 vt
1056 4101 1171 4158 naturali
1179 4101 1266 4175 frigus
1280 4119 1331 4174 per
1344 4104 1452 4163 viscera
1465 4106 1556 4167 nutrit.

1271 4226 1329 4282 t'11.
1349 4231 1542 4286 dnsv'nrurmr.

1009 4326 1149 4383 Proximus
1163 4326 1291 4402 absynthi
1304 4328 1417 4388 frutices
1430 4330 1508 4388 locus
1518 4332 1601 4406 erigit
1615 4335 1699 4404 acris,

973 4401 1164 4472 Dllcrbarum
1178 4425 1293 4473 matrem
1307 4418 1466 4476 simulantes
1481 4421 1581 4478 vimine
1596 4421 1683 4481 lento.

1009 4505 1040 4560 ln
1054 4503 1125 4561 foliis
1138 4507 1215 4562 color
1228 4515 1269 4562 est
1284 4507 1363 4579 alius,
1380 4509 1517 4585 ramisque
1530 4510 1615 4567 ordor
1631 4513 1703 4570 aiter
1775 4583 1779 4587 ι

1008 4593 1168 4662 Puberibus,
1185 4595 1321 4670 longeque
1335 4598 1443 4669 saporis
1457 4600 1577 4654 amarior
1590 4601 1721 4662 haustus.

1008 4680 1029 4738 F
1031 4692 1172 4740 errantem
1186 4682 1325 4741 domuisse
1340 4685 1423 4754 sitim,
1438 4685 1576 4762 depellere
1587 4688 1683 4751 febres

1008 4771 1065 4828 Hoc
1079 4770 1148 4827 solet
1161 4771 1292 4828 auxilium
1306 4772 1383 4832 clara
1396 4774 1494 4833 virtute
1507 4776 1665 4851 probatum.

1009 4860 1037 4916 Si
1049 4859 1097 4915 tibi
1104 4869 1237 4932 preterea
1251 4870 1331 4935 caput
1343 4862 1400 4919 acri
1416 4863 1483 4920 [orte
1497 4864 1591 4922 dolore

1007 4948 1133 5005 Pulsatur
1147 4949 1247 5017 subito,
1264 4950 1307 5007 vel
1322 4951 1345 5007 si
1360 4953 1467 5026 vertigo
1481 4951 1585 5027 fatiget,

1006 5037 1092 5107 liujus
1106 5053 1185 5112 opem
1196 5039 1304 5106 rimare,
1320 5056 1441 5116 coquens
1453 5040 1604 5099 frondentis
1617 5060 1746 5103 amaram

1007 5125 1141 5197 Absyuthi
1157 5126 1264 5196 silvam,
1280 5136 1337 5184 tum
1348 5129 1412 5199 jura
1427 5128 1515 5186 lebete
1529 5133 1624 5205 capaci

1006 5213 1132 5280 Effunde,
1149 5221 1176 5271 et
1189 5216 1285 5287 capitis
1299 5216 1433 5288 perfunde
1444 5220 1586 5276 cacrrrniua
1602 5224 1722 5281 summi.

1007 5301 1067 5372 Quo
1081 5311 1226 5377 postquam
1240 5304 1358 5362 ablueris
1373 5307 1491 5380 graciles
1505 5308 1620 5369 humore
1637 5312 1769 5391 capillos,

1033 5460 1161 5524 btrctari..
1176 5469 1268 5517 amata
