3772 6112
126 317 179 375 dil
405 313 609 371 wilarium
628 312 750 370 STllhBl
768 311 868 369 auhn.
888 309 975 367 nort.
996 307 1073 367 OPP.
1094 309 1182 367 PARS
1200 309 1222 366 Ι.
1239 338 1274 352 -
1288 307 1525 367 THEOLOGICA.
1728 311 1780 369 ⁶28

126 438 281 497 rationabili
299 445 432 495 creature
453 439 527 494 Dens
547 437 668 511 negavit,
692 437 740 493 sed
761 436 962 508 potestatemA
975 433 1071 490 vendae
1086 434 1324 506 concupiscentiae,
1334 434 1471 505 studeant,
1488 434 1538 490 sed
1552 433 1644 506 potius
1653 448 1705 506 per
1716 448 1778 490 om·

128 544 183 601 qna
204 528 319 598 injustos
341 529 415 598 juste
437 526 546 583 ordinat
575 526 627 581 sibi
655 525 774 581 retinuit.
801 526 922 582 tradidi.
975 522 1021 578 nia
1034 523 1107 578 bona
1120 538 1205 594 opera
1219 522 1273 578 sint
1287 522 1477 595 promittentes
1493 530 1520 578 et
1534 522 1690 580 indicantes
1704 529 1779 579 extra

127 615 189 673 Non
204 624 295 672 tamen
309 615 346 671 ita
360 624 389 671 ut
403 623 526 688 pereant,
542 616 605 687 quia
618 614 685 669 nihil
698 621 788 686 potest
802 615 923 682 Satanas,
974 611 1103 683 pietatem
1118 611 1211 668 animi.

128 704 182 761 nisi
196 706 356 776 permissus,
367 705 413 777 qui
428 704 566 761 vexatsibi
581 703 669 771 datos,
679 703 752 759 unde
767 706 849 760 :lam
864 703 926 759 acti
1010 701 1096 758 Vnus.
1114 704 1157 756 lt.
1169 731 1204 741 -
1217 701 1318 757 Mulier
1331 699 1364 756 in
1378 700 1505 757 cilentio.
1528 697 1634 757 Oraudi
1658 697 1775 757 officinm

127 809 254 868 peccare,
270 810 307 850 aa
327 794 451 850 deterias
476 793 528 849 titi
548 795 695 865 corrtbmat
709 793 800 865 (loca.
816 791 857 863 v).
869 793 924 847 lta·
974 787 1042 845 dixit
1056 788 1204 845 convenire
1217 788 1354 858 omnibns,
1371 796 1398 844 et
1413 788 1539 862 qualiter,
1558 797 1585 845 et
1598 803 1650 861 pro
1666 788 1774 862 quibua,

127 897 181 955 que
195 882 294 937 &tana
307 880 343 936 ad
357 881 558 953 eorreptionem
572 881 712 937 hominum
726 880 851 937 utebatur
864 880 924 951 ipsa
974 883 1001 931 et
1016 892 1111 950 qnare,
1128 886 1155 932 et
1174 878 1248 950 quod
1266 876 1366 950 ubique
1384 876 1520 933 orandum
1539 877 1584 934 sit.
1600 879 1683 934 Nunc
1701 877 1775 947 dicit,

126 977 248 1043 potestas
262 969 421 1041 apostolice.
437 970 663 1026 Praevaricatores
673 969 747 1024 enim
756 967 848 1042 angeli
862 985 924 1024 eum
974 965 1047 1039 quod
1062 966 1179 1023 docendi
1192 964 1312 1022 officium
1327 965 1393 1021 solis
1408 964 1475 1022 viris
1490 965 1646 1037 conveniat,
1662 973 1690 1023 ιι
1704 981 1772 1040 qua·

124 1057 246 1131 principe
267 1074 318 1121 suo
341 1058 450 1114 diabolo
471 1067 547 1115 recte
569 1057 696 1114 dicamur
718 1065 920 1129 procuratores,
973 1053 1014 1110 les
1027 1054 1061 1109 ad
1077 1054 1143 1110 illud
1158 1054 1276 1111 debeant
1289 1053 1421 1121 ordinari,
1437 1054 1611 1111 determinat.

124 1146 168 1204 rel
182 1153 289 1203 actores
311 1136 410 1202 dirinae
434 1147 623 1219 providentia,
649 1154 675 1203 et
694 1146 818 1202 diabolus
833 1145 923 1218 magi-
1015 1142 1101 1198 Vnas.
1115 1147 1158 1200 ra.
1176 1171 1211 1184 -
1225 1144 1338 1213 llorere,
1354 1150 1407 1199 etc.
1421 1142 1494 1199 Ecce
1508 1156 1563 1198 nou
1585 1141 1674 1199 selum
1696 1142 1774 1198 habi-

123 1242 224 1293 stratus
247 1235 329 1305 hujus
348 1236 443 1291 mundi
463 1237 571 1305 dicitur,
598 1235 647 1292 sed
668 1236 844 1308 magistratus
872 1234 923 1289 suh
974 1238 1031 1286 turn
1047 1231 1178 1286 humilem
1197 1239 1224 1287 et
1239 1231 1385 1287 honestum
1398 1230 1501 1287 habere
1515 1230 1660 1287 mulierem
1673 1231 1772 1300 docuit,

123 1324 182 1381 Deo
196 1323 364 1396 imperatore
378 1339 433 1380 nou
451 1323 515 1380 lacit
537 1324 591 1380 nisi
606 1333 736 1396 quantum
754 1323 793 1379 illi
807 1324 922 1396 permit·
974 1336 1069 1377 verum
1094 1320 1176 1375 etiam
1201 1319 1391 1376 anctoritatem
1415 1318 1532 1376 docendi
1559 1319 1584 1376 ei
1608 1320 1732 1393 negarit,
1750 1327 1775 1376 et

122 1410 198 1481 titur,
216 1420 242 1469 ιι
263 1422 455 1485 procuratores
479 1421 642 1487 actoresque
656 1413 736 1483 hujus
750 1413 843 1470 mundi
856 1412 922 1470 nihil
974 1407 1171 1478 subjiciendam
1197 1408 1257 1464 viro
1281 1407 1422 1479 praecepit,
1443 1415 1473 1464 nt
1495 1415 1550 1464 tam
1573 1408 1670 1465 habitu
1695 1423 1773 1482 quam

121 1501 224 1560 iaciunt
236 1500 289 1560 nisi
306 1511 437 1575 quantum
452 1503 585 1559 Dominus
600 1503 673 1559 sinit.
973 1497 1124 1570 obsequiis,
1143 1496 1195 1552 sub
1207 1503 1343 1568 potestate
1358 1497 1393 1553 sit
1411 1497 1462 1553 riri
1488 1513 1522 1554 ex
1545 1512 1599 1570 quo
1622 1497 1705 1554 trabit
1719 1497 1772 1554 ori·

973 1602 1075 1660 gruem.

441 1668 554 1727 CAPUT
573 1670 606 1725 11.
1008 1674 1093 1732 Vnus.
1111 1675 1154 1731 ct.
1171 1675 1311 1732 -Adam
1324 1690 1382 1732 aaa
1396 1674 1553 1748 crt.(llus.,
1566 1674 1618 1731 lib.
1631 1675 1769 1733 udedan.

931 1754 1011 1853 Bari
1026 1764 1164 1832 litteram,
1181 1778 1206 1819 c.
1222 1763 1283 1833 ult.)
1298 1763 1365 1819 Cum
1375 1762 1447 1818 enirn
1456 1763 1697 1835 prevaricatorem
1705 1763 1772 1821 dicat

155 1842 241 1898 VERS·
256 1845 283 1897 ¹·
297 1871 331 1882 ··
342 1841 466 1897 0b820r0·
484 1838 621 1894 Hactenus
635 1835 670 1893 de
684 1835 921 1908 P⁵0⁰d⁰·flll⁰⁵²⁰·
971 1851 1120 1923 Apostolus
1133 1851 1162 1907 in
1176 1851 1351 1907 shnilitudinc
1364 1851 1598 1923 praevaricationis
1613 1852 1690 1921 ddae,
1707 1860 1767 1919 etc,

118 1929 264 1998 lis,hicde
276 1928 456 1985 orationibus.
477 1929 571 1983 Primo
590 1927 729 1983 omnium.
746 1924 776 1980 ld
792 1933 843 1991 est,
860 1932 923 1981 ante
972 1956 1059 2013 ,ΝΜ
1078 1939 1115 1996 ad
1138 1939 1213 1996 „0110
1236 1941 1318 1996 m0p0
1343 1940 1418 1996 illum
1442 1940 1563 1998 arbitror
1582 1941 1706 2013 potuisse
1726 1958 1769 1998 ὅθ.

119 2020 210 2077 omnia
225 2019 285 2075 fieri
295 2018 511 2076 obsecrationes.
525 2015 600 2072 Ordo
610 2015 702 2070 missac
712 2015 756 2070 hic
771 2014 923 2071 ostenditur
973 2028 1045 2085 duci,

119 2110 194 2182 qnod
213 2115 255 2166 est
278 2108 395 2180 speciale
419 2123 506 2178 genus
530 2104 675 2160 orationis.
701 2104 920 2160 obsecrationes.
1007 2117 1093 2173 vgqs,
1116 2121 1159 2174 15,
1184 2118 1354 2176 sanamur,
1388 2118 1448 2173 Etsi
1478 2116 1578 2175 mulier
1607 2116 1657 2175 fuir
1689 2134 1769 2176 causa

120 2197 184 2254 Sile
198 2197 383 2269 plecflllollem
400 2195 476 2251 iliam
498 2210 559 2266 qllae
581 2191 610 2246 fii
622 2193 700 2262 jllxist
718 2193 762 2248 vel
777 2200 839 2249 aliie
853 2207 922 2249 0011·
970 2206 1087 2277 ppgggfi,
1104 2214 1194 2262 tamen
1209 2207 1359 2264 salvabitur
1373 2222 1429 2263 non
1446 2207 1532 2263 solum
1547 2207 1628 2282 virgo
1643 2216 1671 2264 et
1687 2209 1770 2266 comi.

119 2286 310 2344 secretionem.
329 2286 484 2342 orationes.
508 2283 537 2337 ld
562 2289 604 2338 esi
627 2281 688 2354 ipsa
702 2282 919 2338 consecratione.
970 2311 1050 2361 pens,
1064 2295 1114 2351 sed
1128 2295 1210 2351 etiam
1223 2303 1314 2368 nupta¹
1335 2296 1386 2352 etsi
1405 2311 1544 2369 nunquam
1559 2298 1594 2352 ab
1614 2312 1700 2368 opere
1719 2314 1769 2354 nu.

118 2376 338 2433 Portalate‘caca.
355 2373 406 2429 Vel
421 2371 668 2444 interpellationes,
686 2371 764 2445 quasi
780 2386 813 2426 ex
828 2370 921 2426 debito
971 2384 1090 2456 priapum
1106 2399 1227 2451 cessans,
1245 2383 1268 2438 si
1288 2400 1339 2457 pgr
1352 2387 1563 2457 mmmmm
1580 2384 1719 2455 filiorum,
1733 2385 1771 2442 in.

119 2471 149 2520 ut
164 2462 238 2537 quod
263 2463 308 2519 hic
332 2462 446 2536 geritur,
469 2461 497 2516 in
519 2469 623 2516 aelssfflfl
638 2460 691 2516 Vilfl
707 2457 876 2531 perficiatur»
893 2467 922 2514 ut
972 2472 1084 2540 cedens,
1115 2473 1149 2527 ab
1170 2473 1223 2528 hoc
1244 2474 1346 2528 mundo
1366 2473 1470 2529 exierit.
1496 2474 1527 2529 si
1537 2477 1770 2547 praecaecatis

119 2567 181 2608 curn
204 2550 322 2623 populus
343 2551 378 2605 ab
401 2549 531 2622 episcopo
554 2547 735 2605 benedicitur.
758 2550 922 2605 Gratiarum
971 2559 1027 2630 fide
1047 2563 1076 2616 et
1089 2560 1241 2617 directione
1255 2563 1284 2616 et
1297 2561 1533 2631 sanctificam,
1550 2569 1579 2616 nt
1592 2571 1695 2633 praerer
1707 2579 1770 2634 pm.

118 2641 255 2698 Miitmet.
272 2639 312 2695 De
327 2637 417 2705 factis,
434 2654 495 2710 quae
508 2645 594 2692 totum
611 2636 777 2693 concludunt
792 2637 870 2708 quasi
881 2644 921 2692 lo·
970 2648 1061 2721 prium
1076 2648 1165 2704 virum
1184 2648 1298 2704 alterum
1318 2665 1374 2706 non
1398 2657 1558 2723 cognoscat,
1585 2651 1656 2707 Cum
1675 2652 1771 2708 sobria-

116 2735 176 2784 tum
190 2727 224 2783 sit
238 2742 256 2783 a
269 2726 327 2783 Deo
345 2741 351 2783 :
367 2733 397 2781 ut
411 2725 607 2781 benedicamus
622 2724 748 2780 Domino.
767 2727 820 2781 Pro
831 2727 922 2781 amai·
973 2741 1042 2794 tate,
1059 2736 1089 2792 [d
1099 2745 1140 2792 est
1151 2737 1339 2809 temperantia,
1352 2745 1380 2793 ut
1389 2737 1502 2810 proprio
1512 2738 1593 2795 eciam
1601 2738 1661 2796 vim
1670 2747 1770 2812 tempe·

118 2816 178 2874 baa.
194 2817 228 2873 Ut
243 2830 392 2888 sequamur
415 2813 588 2871 clementiam
610 2812 671 2880 Dei,
688 2812 751 2886 quia
766 2812 849 2880 Deus,
865 2812 922 2869 vult
971 2831 1031 2882 rate
1044 2832 1143 2881 utatur,

117 2918 213 2961 omnes
228 2903 352 2961 homines
372 2902 462 2959 salvos
472 2901 543 2968 fieri,
559 2901 611 2958 etsi
626 2902 778 2957 secandum
789 2899 921 2970 justitiam

117 2970 258 3067 quosdam
266 2991 406 3064 reprobet.
426 2992 461 3049 lit
473 2993 631 3064 quictcme
648 2989 848 3061 persecutione.
1281 2968 1393 3027 CAPUT
1412 2971 1458 3026 lll-

151 3107 238 3164 Vsus.
255 3110 283 3163 3.
299 3136 333 3148 -
349 3108 404 3163 lice
423 3108 511 3163 caim.
534 3104 577 3161 Nc
592 3104 653 3178 quis
666 3112 772 3176 putaret
789 3104 850 3162 haec
864 3119 919 3162 non
1006 3108 1093 3165 Vnus.
1106 3112 1132 3165 t.
1149 3139 1183 3150 -
1193 3110 1302 3168 Bonam
1315 3127 1384 3184 opas
1398 3110 1551 3169 desiderm.
1563 3110 1652 3186 Opus,
1662 3130 1718 3172 aon
1732 3116 1774 3172 di·

117 3213 179 3254 esse
193 3195 320 3253 iacienda
339 3208 390 3267 pro
406 3194 449 3249 his
465 3209 535 3266 quos
557 3195 657 3265 patitur
678 3194 802 3250 Ecclesia
816 3193 892 3249 addit
908 3212 914 3250 :
970 3196 1111 3270 gnitatem,
1127 3197 1258 3268 laborem,
1274 3214 1329 3255 non
1343 3199 1466 3267 delicias,
1482 3216 1538 3258 non
1552 3215 1680 3260 crescere
1694 3203 1769 3261 lasti-

116 3288 171 3343 lloc
181 3287 259 3342 caim
273 3285 376 3341 bonam
390 3287 442 3339 cst.
459 3284 493 3338 Et
503 3299 538 3338 ne
550 3283 611 3354 quis
625 3290 732 3354 putaret
746 3283 819 3340 cultu
836 3283 916 3339 unius
968 3287 1025 3360 gio,
1042 3287 1090 3343 sed
1105 3286 1257 3344 hnmilitate
1272 3288 1476 3356 decrescerent
1490 3288 1538 3346 fiat
1558 3307 1656 3348 seruus
1671 3300 1699 3349 et
1717 3293 1768 3348 mi·

115 3373 167 3431 Dei
181 3381 208 3429 et
220 3373 277 3430 vita
292 3372 364 3429 bona
378 3371 494 3429 salutem
508 3387 570 3427 esse
584 3387 667 3444 posse
682 3373 741 3428 sine
765 3372 915 3445 participa·
968 3373 1056 3431 nister
1075 3375 1216 3431 hominum
1227 3383 1340 3448 propter
1363 3377 1510 3446 Christum,
1533 3386 1562 3434 ut
1586 3379 1669 3436 etiam
1692 3381 1769 3439 inter·

116 3463 191 3520 hone
204 3460 327 3533 corporis
350 3460 460 3527 Christi,
498 3460 526 3516 id
547 3468 589 3517 est
612 3461 671 3517 sine
694 3460 748 3517 fide
772 3460 914 3518 Ecclesia.
968 3462 1054 3520 missa
1070 3464 1188 3521 Rachele
1204 3464 1305 3521 decora
1320 3464 1399 3534 facie,
1412 3466 1638 3538 sednonrelicta,
1650 3471 1769 3528 cumla-

119 3552 204 3618 llaaa,
220 3550 317 3624 inquit,
327 3551 411 3618 Deua,
423 3566 498 3608 anas
513 3553 541 3607 ct
548 3551 698 3618 mediator,
715 3558 744 3606 ut
757 3551 916 3606 omnesho-
968 3552 1022 3609 cob
1037 3553 1119 3609 intret
1129 3553 1164 3609 ad
1179 3552 1254 3608 Liam
1267 3553 1354 3610 oculis
1369 3554 1482 3627 lippam,
1496 3563 1523 3612 et
1543 3557 1686 3616 demente
1708 3575 1769 3617 cum

116 3638 205 3695 mines
228 3638 328 3695 salvari
350 3653 488 3709 nunquam
517 3637 563 3693 fiat
585 3638 637 3694 nisi
661 3655 712 3710 per
738 3639 916 3696 mediatorem
968 3641 1063 3713 Moyse
1078 3642 1228 3698 descendat
1242 3643 1277 3698 ad
1292 3658 1415 3715 campos,
1435 3644 1470 3700 de
1492 3643 1547 3702 otio
1568 3649 1771 3721 contemplatio

117 3728 206 3784 Deum
219 3727 340 3784 Verbum
355 3726 428 3799 quod
443 3742 553 3800 semper
575 3735 645 3796 erat,
660 3727 812 3785 secundnm
826 3736 916 3785 mmen
968 3729 1012 3786 nis
1021 3730 1057 3787 ad
1066 3729 1191 3786 laborem
1206 3731 1331 3788 actionis.
1686 3759 1694 3772 .

119 3831 240 3888 earnem,
255 3815 422 3873 factumest.
1003 3819 1090 3875 Vanae
1100 3823 1127 3878 a.
1144 3850 1178 3860 -
1193 3820 1480 3894 lrrcprcbcmititem.
1497 3823 1573 3879 Idem
1588 3825 1663 3898 quod
1677 3826 1713 3883 ad
1725 3825 1769 3884 Ti·

152 3932 239 3989 Vm·
256 3933 282 3988 4·
297 3962 333 3973 -
346 3932 481 3989 Mediator
494 3933 555 4001 Dei,
567 3938 620 3990 etc·
634 3931 685 3989 Hie
695 3939 736 3989 es,
746 3931 915 4001 ,rbiterffle'
967 3915 1035 3977 tum,
1049 3909 1112 3964 aiae
1122 3909 1253 3966 crimine.
1272 3910 1326 3965 lies
1336 3926 1406 3982 pene
1416 3917 1514 3967 contra
1522 3919 1658 3981 naturam,
1670 3918 1769 3973 utrina

118 4037 200 4095 quern
214 4021 266 4078 tob
280 4019 427 4088 desiderat,
444 4021 557 4078 dicens:
575 4022 689 4079 Utinam
699 4022 860 4079 esactaobis
870 4039 916 4079 ar·
965 3999 1081 4095 9500020
1090 4015 1100 4053 ²
1116 3996 1165 4052 sed
1180 3996 1306 4071 eligatur·
1322 3999 1398 4068 cujus
1412 4001 1581 4073 οΟΜΡΕΜῙῙΟ
1596 4003 1690 4061 mesi
1703 4021 1769 4080 W

119 4110 201 4166 m·
967 4084 1100 4141 dicantur.
1120 4087 1206 4144 llaias
1221 4087 1327 4144 axoris
1343 4089 1447 4158 viram,
1464 4097 1516 4147 etc.
1529 4088 1559 4146 ld
1574 4098 1616 4146 est
1629 4108 1767 4169 mpnoga·

152 4196 308 4271 (aucam
325 4212 352 4252 lx
366 4196 400 4253 ae
416 4197 567 4266 craece,
581 4211 609 4255 e.
625 4198 683 4270 ιι.)
697 4198 917 4256 narratorum
966 4189 1042 4229 mum
1057 4181 1119 4246 1³⁰⁵l
1140 4174 1314 4246 batismum·
1340 4176 1368 4231 Si
1392 4176 1465 4232 essim
1490 4186 1516 4235 a
1540 4188 1604 4237 ³⁰¹0
1622 4182 1768 4257 umagen

116 4286 205 4342 Deum
218 4293 246 4342 ιι
259 4285 392 4354 homines,
409 4287 552 4358 oportebat
573 4293 603 4342 ιιι
627 4285 729 4360 ahquid
751 4287 862 4344 haberet
877 4288 917 4344 si·
966 4262 1060 4319 hithuu
1076 4279 1137 4337 ΨΜ
1158 4264 1266 4332 Obisslib
1289 4280 1344 4320 ¹¹0ss
1363 4265 1389 4322 θῑ
1412 4266 1567 4339 imputatur,
1591 4269 1634 4326 cui
1655 4287 1769 4344 prorsus
1802 4303 1804 4307 <

117 4373 182 4431 mile
193 4375 262 4443 Deo,
278 4382 341 4443 ete,
357 4391 444 4450 usqae
457 4375 494 4431 od
509 4375 578 4432 alius
587 4375 685 4443 benus,
697 4375 744 4449 qni
758 4376 918 4434 reconciliat
966 4367 1048 4423 ¹¹⁰V⁰r
1073 4367 1123 4409 ¹¹⁰⁶
1147 4361 1248 4425 Smilla,
1271 4369 1322 4410 ¹¹0⁰
1343 4353 1394 4411 ⁸¹5⁸
1419 4372 1480 4428 (11¹ae
1503 4364 1565 4414 wie
1586 4356 1698 4416 suerunt
1711 4361 1769 4432 iam

116 4463 253 4537 inimicos,
269 4464 348 4520 Jesus
362 4463 495 4521 chrispus,
968 4440 1077 4498 obsunt.
1098 4441 1235 4511 Satrium,
1260 4450 1313 4500 etc.
1335 4443 1451 4500 Ministri
1476 4446 1570 4519 templi
1590 4448 1769 4519 prohibentur

926 4512 1060 4588 Drinum
1087 4537 1114 4586 et
1139 4530 1257 4586 siceram
1285 4531 1390 4602 bibere,
1421 4548 1457 4589 ne
1486 4534 1619 4592 ebrietate
1646 4553 1767 4610 graven-

966 4624 1012 4674 tur
1026 4618 1112 4675 corda
1133 4634 1238 4690 eorum,
1259 4626 1287 4677 et
1304 4627 1334 4676 ut
1354 4635 1452 4678 sensus
1472 4622 1574 4698 vigeat,
1594 4640 1707 4700 semper
1725 4634 1767 4684 te·

964 4704 1027 4762 nnis
1043 4706 1087 4763 sit.

1000 4793 1086 4852 Vnus.
1104 4800 1130 4852 3.
1146 4797 1256 4855 —Noa
1279 4797 1424 4871 captatam.
1448 4799 1521 4859 Nihil
1541 4810 1644 4874 praeter
1667 4805 1765 4864 victum

965 4891 992 4941 et
1006 4885 1134 4941 vestitum
1149 4895 1325 4958 querentem.

150 4570 237 4627 Vnus.
253 4573 280 4627 7.
296 4601 331 4612 -
344 4573 381 4627 ht
393 4574 523 4629 veritate.
544 4570 643 4627 Futura
657 4571 759 4628 veritas
773 4579 815 4629 est
829 4588 874 4630 res
889 4581 917 4630 et

114 4673 222 4716 merces
236 4656 310 4715 fidei.
327 4658 444 4729 Quaeris,
469 4659 649 4718 mercedem?
670 4659 740 4718 fides
767 4661 914 4734 precedat.

117 4744 258 4803 Credimus
271 4747 344 4803 enim
357 4754 387 4803 ut
396 4763 608 4822 cognoscamus,
619 4765 674 4807 non
684 4750 876 4823 cognoscimus
885 4759 915 4806 ut

114 4834 269 4892 credamus.
288 4833 360 4905 Quid
374 4844 416 4893 est
438 4837 511 4894 enim
535 4837 613 4906 fides
639 4838 691 4894 nisi
711 4842 826 4896 credere
841 4842 915 4913 quod

113 4937 171 4979 non
184 4923 283 4981 vides?
296 4922 365 4982 fides
380 4941 449 5000 ergo
464 4934 519 4994 est,
537 4928 611 4999 quod
625 4943 680 4984 non
695 4929 772 4986 rides
787 4929 911 4988 credere.

114 5010 233 5078 verpus,
251 5029 312 5083 ω
325 5013 466 5070 credidisti
479 5014 581 5071 videre·
998 4998 1085 5055 Vsus.
1103 5003 1129 5056 6.
1145 5030 1180 5043 -
1195 5004 1234 5059 Νι
1248 5005 1280 5059 ta
1302 5005 1472 5078 supertiam.
1495 5005 1591 5063 Nescit
1613 5019 1764 5068 momenta·

963 5102 1032 5144 neus
1048 5088 1177 5145 sacerdos
1197 5091 1386 5162 humilitatem,
1402 5095 1500 5151 modos
1515 5111 1707 5169 personamm,
1724 5101 1765 5157 rel

964 5192 994 5233 se
1009 5185 1186 5234 contemnere
1200 5196 1255 5236 non
1266 5181 1406 5251 jejunavit,
1423 5200 1478 5240 non
1491 5183 1576 5253 flevit,
1590 5202 1647 5243 non
1662 5204 1693 5244 aa
1706 5203 1765 5247 ccr-

964 5266 1041 5334 ronit,
1058 5283 1112 5322 non
1123 5269 1289 5340 pauperibus
1304 5273 1438 5346 erogavit.
1452 5273 1483 5329 ln
1496 5275 1694 5346 arrogantiam,
1705 5294 1765 5351 quae
1838 5264 1841 5270 Δ

148 5142 236 5199 Vnas.
253 5146 279 5198 8.
294 5173 328 5185 -
348 5145 408 5200 Volo
422 5161 485 5219 ergo
500 5148 583 5214 viros,
604 5154 656 5204 etc.
672 5149 766 5220 (Aua,
782 5166 866 5207 serm.
879 5152 912 5206 93

112 5232 147 5289 dc
164 5230 318 5304 Tempora.)
329 5232 438 5288 Levavit
451 5233 574 5289 Christus
585 5251 636 5306 pro
650 5237 729 5292 nobis
743 5253 840 5294 manus
850 5256 913 5295 suas

109 5319 138 5377 in
155 5336 248 5388 cruce,
265 5327 329 5388 ete,
346 5335 434 5394 casque
455 5321 492 5378 ad
510 5329 540 5377 ut
555 5323 665 5380 veniant
689 5325 738 5380 tibi
752 5327 780 5382 in
793 5335 913 5387 mentem

109 5424 198 5481 ⁰12⁰ra
212 5416 269 5466 ΜΒ·
345 5496 350 5508 Ι
486 5499 492 5512 .
608 5501 613 5516 .
963 5443 1099 5516 discipuli,
1116 5444 1182 5502 fiunt
1196 5449 1332 5520 magistri.

148 5499 205 5566 ¹⁷⁰2
222 5498 257 5553 ad
273 5511 446 5570 Pf⁰¹¹m¹¹m3
463 5497 675 5572 meinamma
693 5502 728 5557 ad
743 5503 840 5560 ΠΜ
1002 5534 1116 5607 Oportet
1128 5540 1235 5604 aetem,
1252 5546 1303 5594 etc.
1321 5539 1387 5596 Haec
1402 5540 1527 5598 clausula
1541 5543 1672 5615 congruit
1688 5545 1764 5618 prin-

144 5605 234 5701 Vsas.
248 5608 275 5661 9.
292 5635 326 5647 -
341 5605 401 5662 Noa
422 5607 454 5662 ia
476 5607 569 5676 tortis,
589 5613 641 5662 elc-
667 5608 708 5663 Ne
730 5609 772 5664 his
787 5612 913 5668 omnibus
963 5621 1044 5693 cipio,
1068 5623 1142 5696 quod
1162 5624 1411 5697 irreprehensibilis
1432 5629 1466 5685 sit
1487 5645 1542 5687 non
1563 5630 1655 5688 solnm
1678 5634 1765 5691 ado·

111 5692 181 5750 altra
203 5709 329 5766 persona
342 5710 399 5754 ansa
423 5693 536 5754 modum
550 5703 578 5755 et
591 5711 685 5755 mores
699 5698 837 5757 occasioni
851 5717 913 5759 mo·
962 5709 1094 5781 mesticis,
1113 5712 1163 5772 sed
1178 5715 1213 5771 ab
1228 5714 1336 5790 alienis,
1349 5717 1460 5787 ludaeis,
1472 5719 1765 5794 genunuanerencis,

963 5362 1005 5412 est
1019 5355 1096 5412 ruina
1111 5356 1221 5425 diaboli,
1238 5359 1359 5416 incidunt
1375 5361 1421 5433 qui
1435 5370 1536 5434 puncto
1554 5363 1628 5421 herm
1649 5366 1766 5424 necdum
