3772 6112
68 235 139 290 tota

689 238 770 295 Vtra
798 239 826 296 S.
846 239 1053 296 autumaret.

1646 250 1716 308 tots

70 359 144 415 Ecce
159 357 356 430 superveniens
370 357 491 433 fugititis
505 361 585 417 turba
600 369 772 434 sequentum,
880 362 967 426 Adst
981 362 1025 417 alii
1041 363 1139 436 quibus
1154 364 1206 421 hoe
1220 366 1341 422 nondum
1355 366 1453 439 fiducia
1480 370 1579 426 mentia

70 448 113 503 hd
129 447 223 504 caulas
236 456 315 519 capto
330 450 441 504 retrahit
455 457 566 520 pastore
581 451 713 507 bidentes,

71 537 129 591 lloc
144 552 253 609 quoque
267 553 323 592 nou
338 545 454 603 taceam,
471 546 581 596 sauctus
596 540 669 610 quod
685 539 802 611 Spiritus
816 539 865 607 illi,

71 625 148 681 hlore
163 627 367 696 prophetarum,
385 643 477 681 rerum
493 635 599 682 secreta
613 627 728 685 terebat.

71 715 144 769 Nam
157 714 222 769 dum
237 714 308 769 lama
321 723 429 786 patrem
443 715 525 788 longe
540 715 646 788 lateque
662 716 732 774 beati

71 803 161 874 Ipsius
175 803 209 857 ad
226 819 340 874 superos
355 805 408 859 vita
423 803 544 876 fugiente
559 805 668 861 volasse

72 892 213 960 Proderet,
229 893 352 963 exposuit
368 909 423 947 nou
438 909 509 960 esse,
526 893 575 948 sed
589 910 650 949 esse
665 893 785 950 futurum

73 981 137 1037 Post
150 981 287 1037 modicum
302 988 419 1053 tempus,
435 989 529 1039 sancto
544 982 691 1054 spiramine
704 983 810 1040 doctus.

256 1096 310 1151 llll.
327 1096 447 1151 secatur
462 1111 492 1151 rx
506 1112 627 1153 tusuatx
641 1098 695 1152 lln.

109 1201 201 1257 Insula
215 1201 352 1258 Pictorum
367 1204 492 1274 quaedam
506 1211 674 1259 monstratur
689 1204 716 1258 in
731 1204 797 1271 oris,

73 1290 235 1364 Fluctivego
251 1308 382 1362 suspensa
397 1291 465 1358 salo,
481 1293 652 1365 cognominis
668 1294 744 1360 1³0¹,

72 1379 135 1448 Qua
150 1388 260 1435 sanctus
276 1381 384 1435 Domini
398 1381 543 1452 requiescit
558 1397 640 1436 carne
656 1381 798 1437 Columba.

74 1469 151 1524 llanc
166 1468 242 1540 petiit
257 1476 319 1524 voto
334 1469 454 1540 patiendi
469 1469 598 1541 stigmata
614 1470 722 1525 Christi.

73 1558 132 1613 lllic
147 1573 264 1629 namque
279 1556 408 1629 frequens
422 1574 530 1631 pagana
544 1568 653 1614 caterva
668 1560 807 1614 Dauorum

73 1647 230 1702 Adventare
245 1645 323 1711 solet,
341 1645 418 1701 furiis
433 1655 535 1701 armata
550 1647 687 1720 malignis.

74 1735 130 1791 Sed
145 1744 254 1790 sanctus
270 1734 378 1790 Domini
392 1735 461 1790 tales
475 1744 580 1791 tentare
595 1737 689 1791 leones

73 1824 228 1894 Disponens
243 1824 343 1889 animo,
361 1840 431 1879 rena
445 1824 589 1879 tormidine
603 1833 722 1880 mentem

72 1912 165 1977 Exuit,
183 1921 208 1967 et
222 1911 319 1983 clypeo
334 1911 397 1967 fidei
409 1913 544 1985 galeaque
559 1913 654 1968 salutis

76 2001 205 2066 hlunitus,
221 2000 360 2055 hominnm
373 2017 427 2056 non
443 2002 549 2056 horruit
565 2017 643 2056 arma
653 2000 798 2058 malorum.

73 2089 127 2158 Qui
141 2105 204 2145 eum
217 2089 373 2160 doctiloquo
388 2091 474 2160 potuit
490 2091 621 2145 cecinisse
637 2092 789 2161 Propheta:

74 2178 125 2233 Est
140 2179 213 2233 Deus
228 2178 337 2248 adjutor
350 2179 480 2246 mihimet,
498 2179 578 2234 timor
593 2180 734 2250 improhus
746 2180 826 2234 absit.

607 2270 694 2338 (Prot.
710 2269 808 2338 exuta.)

74 2359 136 2413 lam
152 2373 260 2429 quoque
273 2357 370 2412 doctus
385 2364 444 2412 erat
459 2374 507 2428 per
522 2357 631 2428 publiea
645 2357 716 2413 hella
731 2358 871 2414 ministros

75 2447 210 2502 Temnere
224 2447 400 2512 drcmomcos,
418 2446 506 2516 ipsum
522 2447 567 2518 qui
583 2447 634 2501 rite
648 2454 795 2518 tyrannum

77 2536 227 2603 Strarcrat,
243 2543 269 2590 et
282 2535 386 2592 cunctis
399 2535 473 2590 solus
489 2536 627 2607 superarit
641 2536 668 2589 in
682 2536 776 2590 armis.

198 2678 268 2735 lllll.
285 2679 426 2733 Daaonunt
445 2692 598 2735 auvanruu
612 2692 757 2734 ruerem.

113 2824 231 2893 Tempus
247 2827 304 2876 erat
319 2836 373 2892 quo
387 2836 486 2893 magua
500 2820 550 2875 Dei
565 2820 709 2876 elementia
724 2836 832 2876 servum

77 2911 242 2970 Consociare
258 2925 337 2963 snum
351 2908 443 2962 nitidis
457 2924 540 2979 super
553 2916 625 2962 astra
640 2909 766 2979 maniplis

76 3000 226 3072 Disposuit,
242 3005 400 3068 certamque
416 2998 487 3051 bono
502 2996 626 3052 coulerre
641 3013 771 3053 coronam

76 3088 178 3146 Victori
193 3106 200 3142 :
217 3102 279 3143 cum
294 3094 386 3141 sancta
400 3084 452 3141 viri
466 3102 543 3140 meus
558 3086 672 3155 praescia
687 3102 779 3141 rerum

78 3180 214 3234 Venturos
227 3190 378 3247 properare
392 3173 481 3244 lupos,
497 3179 526 3228 ut
540 3173 662 3228 membra
677 3174 784 3244 piarum

76 3267 235 3324 Dividerent
251 3264 352 3329 ovium,
369 3279 451 3318 sensu
464 3269 648 3333 praenosceret
663 3261 728 3316 alto.

77 3357 143 3421 l'os,
159 3355 205 3422 ait,
220 3370 237 3409 o
251 3352 328 3419 socii,
344 3351 482 3407 vobiscum
497 3357 587 3404 mente
603 3349 695 3422 sagaci

78 3444 207 3515 Quaerite,
225 3442 247 3495 si
260 3455 357 3512 peenas
371 3439 469 3494 Christi
483 3453 534 3510 pro
548 3439 658 3493 nomiae
672 3437 749 3493 vobis

76 3534 118 3590 Sit
133 3532 251 3587 tolerare
266 3529 383 3584 animus.
398 3527 504 3583 Mecum
518 3526 671 3598 quIcunque
687 3525 801 3598 potestis

75 3623 253 3693 Exspectare,
269 3632 377 3689 precor,
394 3631 492 3671 sensus
506 3622 606 3670 armate
621 3614 724 3672 viriles.

76 3712 112 3765 ht
126 3709 225 3782 quibus
239 3704 338 3761 infirmi
352 3705 472 3777 pavitant
483 3703 635 3775 penetralia
648 3703 751 3771 cordis,

76 3801 149 3856 Ecce
164 3797 259 3870 fugam
272 3795 400 3859 celerent,
416 3801 445 3847 ut
459 3800 539 3865 parta
553 3792 676 3863 pericula
689 3793 782 3859 vitent,

77 3888 120 3943 Ad
134 3886 247 3942 meliora
261 3899 325 3939 suos
339 3889 477 3939 armantes
490 3889 554 3938 vota
567 3880 695 3938 lacertos.

75 3976 205 4032 Proxima
218 3981 272 4029 stat
286 3971 364 4027 nobis
378 3978 458 4028 certe
471 3969 582 4025 tentatio
596 3970 701 4025 mortIs.

77 4065 169 4120 Firma
183 4061 250 4118 fides
263 4059 367 4133 vigilet,
383 4060 465 4115 rebus
479 4073 613 4130 suspensa
625 4056 723 4113 tuturis
740 4075 747 4113 :

78 4154 164 4210 Cauta
178 4151 267 4206 minus
282 4148 366 4205 fortes
381 4156 472 4204 servet
485 4146 569 4204 tutela
583 4147 721 4221 fugarum.

78 4242 128 4297 His
140 4239 218 4296 dietis
232 4245 395 4309 compuncta
409 4238 518 4303 cohors,
534 4236 608 4308 quod
621 4251 703 4307 posse
717 4236 835 4303 videbat,

77 4330 136 4385 lloe
150 4329 239 4384 animo
255 4326 355 4382 statuit.
371 4323 489 4395 Quidam
501 4325 550 4379 suh
564 4333 677 4396 pectore
691 4322 770 4379 firmo

77 4418 233 4491 sacrilegas
247 4423 371 4488 spectare
385 4431 489 4480 manus,
506 4412 653 4486 gladioque
668 4412 767 4469 furenti

78 4506 262 4579 Supposuisse
277 4512 355 4576 caput
371 4503 531 4577 gaudebant
543 4509 634 4558 mente
648 4516 757 4559 serena.

107 4683 190 4730 ¹htits
209 4685 270 4731 tora
296 4681 379 4729 stitit
402 4680 492 4737 insula,
516 4679 542 4726 ln
568 4688 617 4737 qua
640 4678 742 4727 nitense
788 4688 876 4726 mona-

85 4738 198 4785 sterium.

106 4791 194 4836 ruent
228 4788 422 4891 adiacentesflne
459 4786 613 4834 Britanniam
655 4787 764 4833 insulam
795 4797 875 4834 rera-

79 4847 172 4891 rerunt
190 4853 242 4890 nou
260 4844 346 4891 semet.
391 4852 438 4889 auc
460 4840 627 4898 irruptionem
654 4840 793 4898 contigisse
814 4843 875 4898 puto

920 451 1065 519 Persuasit,
1082 468 1133 525 per
1148 460 1210 508 nota
1225 452 1317 527 iugem
1332 455 1394 512 loca
1405 457 1477 515 calle
1492 467 1647 531 capessunt.

1114 595 1163 649 tx.
1179 597 1326 652 Manrmro
1341 610 1516 655 conoatrua.

954 729 1045 782 Aurea
1058 726 1206 784 discutiens
1219 729 1347 785 tenebras
1361 745 1461 787 aurora
1476 732 1617 789 madentes

920 814 1030 883 Claruit,
1048 823 1073 870 et
1088 816 1188 871 nitidus
1201 817 1317 888 pulchro
1332 818 1373 874 sol
1387 820 1455 876 orbe
1470 819 1592 876 refulsit:

920 905 986 960 Cum
1000 919 1077 961 sacer
1091 904 1134 960 hic
1147 905 1244 962 doctor
1258 907 1404 962 missarum
1418 917 1513 965 sancta
1527 909 1669 966 celebrans

919 992 1022 1059 Officia,
1038 1001 1099 1049 ante
1113 1009 1220 1050 sucrum
1235 994 1335 1050 vitulus
1350 996 1423 1051 stetit
1438 996 1546 1071 integer
1560 1013 1648 1069 eram,

919 1082 1014 1137 llostia
1027 1089 1107 1154 grata
1120 1084 1178 1138 Deo
1192 1098 1323 1140 mucrone
1338 1083 1440 1139 litanda
1454 1085 1561 1143 minaci.

919 1169 1024 1225 Caetera
1037 1171 1204 1240 turbajacet,
1221 1171 1350 1243 lacrymis
1364 1173 1547 1247 precibusque
1560 1174 1677 1231 Tonanti

919 1265 1118 1321 Commendaus
1131 1266 1235 1322 animas
1249 1268 1283 1322 dc
1298 1268 1420 1340 pondere
1435 1270 1528 1326 caruis
1541 1270 1639 1326 ituras.

917 1354 989 1409 Ecce
1005 1353 1096 1408 Iurcus
1110 1355 1251 1410 maledicta
1267 1358 1367 1411 cohors
1382 1373 1432 1427 per
1446 1367 1540 1429 aperta
1555 1359 1651 1415 ruebat

919 1442 1011 1508 Tecta,
1028 1442 1093 1496 viris
1107 1443 1256 1498 minitando
1269 1445 1389 1515 pericrda
1405 1462 1477 1502 saeva
1491 1446 1587 1502 beatis.

920 1530 954 1586 Et
968 1530 1080 1602 reliquis
1095 1531 1190 1586 rabida
1205 1532 1286 1587 sociis
1301 1531 1404 1589 feritate
1419 1536 1575 1606 peremptis,

920 1619 961 1673 hd
976 1627 1101 1675 sanctum
1115 1636 1216 1676 venere
1231 1622 1348 1686 Patrem,
1362 1623 1482 1693 pretiosa
1498 1622 1607 1679 metalla

884 1708 1044 1781 Blleddere
1060 1716 1201 1779 cogentes,
1218 1710 1295 1781 queis
1310 1711 1395 1766 sancti
1410 1719 1504 1767 sancta
1518 1711 1658 1769 Columba

920 1796 990 1852 Ossa
1000 1796 1101 1865 jacent,
1119 1813 1200 1869 quam
1216 1798 1314 1869 quippe
1331 1799 1386 1853 suis
1400 1800 1434 1855 de
1448 1799 1560 1856 sedibus
1573 1816 1665 1858 arcam

920 1884 1056 1940 Tollentes
1070 1885 1173 1940 tumulo
1188 1893 1259 1940 terra
1268 1901 1385 1956 posuere
1395 1897 1488 1943 cavato

921 1973 1029 2044 Cespite
1043 1974 1095 2027 sul)
1105 1974 1201 2040 denso,
1218 1975 1298 2046 gnari
1310 1975 1367 2043 jam
1381 1976 1465 2046 pestis
1480 1976 1589 2048 inique.

920 2062 995 2117 lianc
1008 2062 1130 2134 praedam
1145 2062 1254 2133 cupiere
1265 2063 1331 2117 Dani
1345 2065 1412 2119 :sed
1427 2072 1537 2121 sanctus
1551 2063 1649 2121 inermi

920 2151 1059 2206 Destitit...
1071 2166 1153 2205 manu
1168 2150 1247 2206 firmo
1262 2152 1405 2208 conamine
1420 2153 1518 2209 mentis

921 2241 1018 2296 Contra
1033 2246 1106 2294 stare
1129 2240 1226 2303 aciem,
1242 2256 1416 2313 pugnamque
1444 2240 1581 2298 lacessere
1605 2242 1712 2309 doctus,

921 2329 1025 2384 Cedere
1039 2328 1185 2393 dissuetus,
1201 2328 1247 2381 tihi
1263 2328 1470 2395 tatiassarbare,
1486 2330 1568 2398 dicta,

921 2417 1039 2490 Ingerit:
1054 2417 1153 2487 ignoro
1169 2416 1286 2486 penitus,
1304 2417 1377 2489 qued
1392 2417 1514 2488 quaeritis
1528 2433 1624 2474 aurum

923 2505 982 2573 Quo
998 2506 1032 2559 sit
1046 2505 1120 2559 humi
1134 2505 1262 2576 positum,
1278 2514 1377 2561 tectum
1387 2506 1485 2577 quihus
1499 2514 1580 2580 atque
1592 2505 1713 2563 latebris.

922 2592 1002 2663 Quod
1017 2594 1040 2647 si
1051 2593 1121 2649 scire
1135 2593 1211 2662 mihi,
1228 2594 1336 2651 Christo
1351 2594 1520 2662 admittente,
1537 2595 1643 2662 liceret,

920 2681 1066 2754 Nunquam
1080 2690 1173 2736 nostra
1181 2682 1233 2737 tuis
1244 2684 1295 2738 hoc
1310 2683 1420 2737 auribus
1429 2698 1479 2739 ora
1492 2682 1634 2740 referrent.

922 2771 1050 2840 Barbare,
1067 2772 1120 2826 due
1129 2770 1246 2841 gladios,
1263 2771 1388 2842 capulum
1402 2787 1480 2843 cape,
1487 2772 1598 2845 jamque
1607 2771 1714 2829 trucida

920 2859 1037 2925 Auxilio,
1055 2859 1216 2925 Deusnlme,
1233 2859 1362 2915 humilem
1379 2861 1541 2918 commendo
1556 2869 1603 2917 tuo
1617 2874 1672 2917 me.

922 2947 991 3003 Hinc
1006 2947 1049 3018 pia
1062 2948 1195 3002 truncatis
1206 2948 1368 3019 discerpitur
1382 2949 1469 3004 hostia
1482 2949 1646 3017 lmemhris,

923 3034 1056 3106 Quodque
1071 3034 1146 3090 teror
1161 3035 1239 3091 miles
1249 3051 1332 3092 censu
1340 3024 1456 3109 pensare
1464 3039 1604 3111 nequibat,

922 3123 1025 3179 Rimari
1039 3124 1067 3177 in
1082 3123 1181 3195 gelidis
1196 3124 1278 3194 eoepit
1291 3141 1342 3196 per
1356 3125 1471 3181 vulnera
1484 3125 1570 3182 tibris.

920 3212 1717 3287 Nccmimm:namsempercrunt,semperqueresurgunt‚

921 3299 996 3370 Quos
1011 3298 1086 3354 furor
1100 3299 1128 3355 in
1142 3299 1259 3356 lamulos
1270 3301 1382 3357 Domini
1396 3302 1485 3357 malus
1499 3303 1598 3360 excitet
1611 3319 1717 3359 omues.

921 3389 956 3444 Ut
970 3387 1041 3459 quod
1055 3403 1106 3458 pro
1120 3388 1226 3444 cunetis
1241 3389 1340 3445 Christi
1356 3406 1471 3447 censura
1486 3392 1601 3464 peregit,

921 3475 1017 3533 Cuncti
1026 3477 1078 3532 hoc
1092 3491 1142 3547 pro
1156 3475 1265 3532 Christo
1280 3475 1388 3545 iaciant,
1404 3478 1468 3536 licet
1481 3479 1586 3553 impare
1601 3480 1682 3540 facto.

1204 3648 1241 3703 X.
1267 3647 1434 3705 Coucnusro.

956 3789 1005 3846 Ille
1018 3788 1100 3863 igitur
1111 3788 1210 3845 Christi
1226 3789 1311 3846 lactus
1324 3805 1374 3862 pro
1388 3789 1497 3846 nomiae
1511 3798 1623 3865 martyr,

922 3878 1020 3946 Testis,
1037 3878 1090 3934 tert
1104 3886 1132 3934 ut
1146 3877 1226 3945 fama,
1242 3878 1303 3934 loeo
1318 3879 1463 3952 requiescit
1476 3878 1572 3937 eodem
1589 3898 1596 3936 :

921 3967 1005 4023 ltIulta
1018 3967 1063 4023 ubi
1077 3983 1126 4039 pro
1140 3968 1243 4023 meritis
1257 3965 1355 4023 dantur
1368 3967 1499 4024 miracula
1514 3969 1624 4037 sanctis,

922 4055 982 4126 Quo
997 4057 1095 4114 colitur
1108 4057 1239 4114 Dominus
1254 4057 1338 4131 digno
1352 4065 1513 4115 veneranter
1526 4060 1631 4116 honore

922 4145 990 4202 Cum
1005 4146 1113 4214 sanctis,
1130 4162 1248 4219 qnorum
1262 4146 1368 4202 meritis
1381 4162 1443 4203 mea
1457 4146 1572 4204 crimina
1586 4147 1664 4216 solvi,

922 4234 1021 4301 Credo,
1036 4235 1134 4307 quibus
1148 4235 1258 4291 laudum
1272 4236 1385 4308 supplex
1399 4234 1513 4293 donaria
1522 4235 1593 4292 misi.

921 4323 966 4378 Nil
980 4331 1062 4394 neget
1076 4324 1119 4379 his
1133 4323 1265 4393 Christus,
1285 4325 1329 4382 cui
1344 4324 1460 4380 maxima
1474 4324 1550 4382 lucra
1565 4324 1693 4392 tulerunt,

881 4430 909 4491 D
923 4409 976 4481 Qui
990 4428 1052 4468 cum
1067 4413 1145 4468 Patre
1159 4414 1214 4485 pio,
1231 4421 1378 4487 sanctoque
1393 4413 1422 4469 in
1433 4413 1532 4470 sarcula
1545 4413 1621 4470 Flatu

923 4501 1038 4574 Regnat,
1054 4509 1081 4557 et
1095 4510 1198 4558 aeterno
1211 4502 1296 4574 pollet
1310 4500 1433 4558 sinaitae
1447 4503 1557 4559 decore.

924 4699 992 4738 anno
1002 4694 1051 4746 tea,
1062 4699 1112 4749 quo
1124 4689 1336 4747 hindtsternensis
1350 4690 1455 4739 ecclesia
1474 4702 1519 4748 per
1536 4702 1581 4740 eos
1593 4690 1721 4740 deshucta

924 4764 970 4808 est
985 4762 1054 4809 hiem
1064 4762 1154 4808 mortis
1170 4765 1194 4808 ta
1206 4761 1317 4809 tenuerit
1329 4762 1434 4819 signant
1447 4763 1588 4812 recentiora
1597 4763 1722 4822 uertere

924 4833 993 4891 teate
1006 4834 1031 4881 et
1043 4833 1241 4881 Benedictlunrn.
