3788 6112
132 223 183 277 383
388 217 589 276 waltrami
608 216 731 276 sanant
748 217 848 276 autu.
867 217 957 276 uolt.
976 217 1053 276 OPP.
1074 219 1162 280 PARS
1181 223 1202 279 l.
1224 252 1259 266 ··-
1276 225 1522 297 sanctourm.

128 343 198 400 citur
213 360 221 398 ε
238 342 292 411 Qut
305 342 383 399 uidet
399 343 503 399 Filium
522 346 550 398 et
569 343 659 399 credit
672 343 704 397 ia
718 359 792 399 cum.
809 343 872 398 Noa
885 343 927 398 di·
941 340 1048 413 AQuia
1061 353 1152 402 autem
1165 348 1252 405 Judaei
1265 365 1320 405 non
1344 359 1421 406 erant
1443 352 1523 422 hujus
1538 352 1596 411 unit

126 432 163 489 cit
181 451 187 487 :
204 429 257 500 Qui
272 432 359 488 credit
374 432 402 486 in
418 433 541 497 Patrem,
559 431 690 502 quiahoc
712 439 753 486 est
771 432 887 488 credere
901 433 930 487 in
981 433 1054 501 bant,
1071 451 1122 493 nec
1137 437 1237 493 talibus
1252 440 1394 510 exponitur
1409 443 1546 512 quomodo
1570 444 1596 503 D

128 518 226 575 Filium
246 520 318 592 quod
338 529 365 575 et
387 521 415 574 in
439 521 562 586 Patrem,
580 519 644 589 quia
659 519 728 575 sicut
751 521 832 574 Pater
846 521 929 575 habet
979 538 1042 578 nem
1057 540 1134 579 suam
1148 526 1194 580 det
1209 527 1242 581 ad
1261 528 1479 586 manducandum
1491 571 1498 601 ,
1509 531 1564 588 sed
1576 546 1596 589 tt

129 605 212 660 vitam
222 604 250 659 in
265 603 421 675 semetipso,
439 604 479 658 sic
493 610 520 657 et
535 602 617 657 Filius
631 603 714 660 habet
739 604 823 658 vitam
837 604 865 659 in
880 621 927 660 se·
980 613 1070 685 magis
1094 623 1263 670 moveantur.

128 693 254 764 metipso.
1015 701 1100 757 Vsus.
1122 706 1165 758 64.
1188 735 1223 745 -
1241 706 1302 761 Nisi
1328 708 1596 768 maducaveritisc

165 788 248 845 Vnus.
266 792 309 844 tt.
329 818 364 829 -
380 787 604 843 llurmurobcut.
615 787 777 844 Nesoientes
792 789 865 845 hunc
877 805 927 860 pa·
978 789 1074 860 (Aac.)
1090 790 1169 848 Hunc
1184 794 1274 849 cibum
1290 804 1318 850 et
1344 803 1439 867 potum
1462 798 1596 857 societater

126 895 199 944 nem,
217 894 268 933 nec
284 878 391 932 Patrem
406 877 465 945 ejus
480 876 631 944 coelestem,
649 876 714 948 quia
727 877 813 932 inllati
827 879 862 933 de
877 894 928 933 sua
977 877 1072 951 ligere,
1092 890 1160 948 etc.‚
1178 899 1265 956 usquc
1281 885 1317 940 od
1331 893 1359 939 ut
1374 901 1407 940 ex
1419 886 1511 942 multis
1526 903 1596 960 gran

122 976 227 1044 justitia
241 975 269 1028 in
284 974 387 1046 quade
402 973 505 1029 viribus
521 974 578 1028 suis
590 983 773 1045 praesumunt,
796 975 927 1044 justitiam
978 967 1021 1022 ssis
1035 969 1077 1037 Sit,
1095 979 1121 1025 0¹
1137 987 1169 1026 θΧ
1187 973 1279 1027 mullis
1293 973 1379 1029 acinis
1394 974 1487 1030 vinum
1497 976 1596 1033 confltti

127 1063 175 1120 Dei
191 1078 251 1134 quae
265 1063 300 1118 de
316 1062 385 1118 coelo
400 1062 484 1129 venit,
500 1077 555 1117 non
579 1063 711 1118 esuriunt.
1015 1058 1099 1116 Vana.
1116 1062 1251 1129 tis-Qut
1265 1063 1429 1119 manducat.
1440 1065 1596 1135 Exponuntr

158 1153 243 1207 Vsus.
262 1152 434 1207 ts-uottte
444 1167 636 1207 murmurare.
645 1150 730 1220 Quasi
739 1167 794 1208 non
809 1153 925 1223 simpa·
976 1152 1013 1209 cti
1027 1151 1062 1205 de
1077 1151 1245 1206 comestione
1260 1151 1365 1218 altaris,
1382 1159 1409 1207 et
1428 1152 1499 1209 benc
1513 1154 1596 1212 dicatu

124 1240 166 1296 uis
181 1240 228 1311 qui
241 1240 277 1294 de
292 1239 362 1295 coelo
377 1238 519 1306 descendi,
536 1239 601 1310 quia
615 1255 680 1295 vere
697 1257 768 1308 sum,
781 1242 830 1296 sed
845 1257 926 1296 namo
975 1244 1040 1291 runt
1062 1235 1199 1306 quomodo
1219 1234 1265 1289 liat
1286 1235 1314 1289 in
1336 1237 1419 1291 vitam
1433 1244 1567 1294 aetemam
1584 1254 1596 1296 c

122 1335 212 1400 potest
226 1327 320 1384 venire
336 1328 371 1382 ad
385 1343 430 1382 me
444 1327 497 1381 nisi
511 1343 527 1382 a
541 1328 621 1383 Patre
637 1335 750 1396 tractus,
762 1337 788 1385 et
798 1330 860 1385 ideo
870 1346 921 1385 vos
975 1325 1011 1378 ad
1027 1331 1142 1380 mortem
1155 1331 1184 1378 ut
1198 1323 1264 1380 dicit
1293 1325 1449 1395 Apostolus.
1470 1326 1498 1381 Si
1513 1327 1575 1399 qtsis

125 1433 180 1474 non
194 1416 307 1476 creditis
321 1431 365 1474 mc
380 1431 442 1475 esse
464 1417 586 1483 Patrem,
602 1417 667 1491 quia
681 1419 811 1475 nonestis
850 1418 932 1476 tracti
974 1414 1053 1468 altari
1069 1429 1132 1469 cum
1146 1413 1198 1468 hac
1219 1413 1386 1469 comestione
1401 1415 1435 1469 de
1460 1430 1515 1486 qua
1528 1415 1584 1488 agit

125 1509 245 1564 aPatre.
975 1519 1037 1559 cum
1053 1501 1106 1557 iide
1122 1509 1253 1573 operante
1269 1509 1296 1556 et
1314 1502 1469 1572 dilectione,
1499 1504 1544 1561 hic
1561 1519 1596 1562 co

162 1598 246 1652 Vnus.
257 1600 301 1652 ll.
325 1628 359 1638 -
383 1598 443 1652 Nisi
457 1598 662 1669 Putea-(Aua.)
683 1597 761 1653 lllum
776 1599 855 1653 Pater
864 1605 924 1652 tra·
974 1600 1030 1647 tarn
1044 1599 1185 1646 aeternam.
1204 1591 1232 1646 Si
1247 1591 1309 1661 quis
1324 1607 1390 1645 vero
1404 1591 1596 1658 aliter,inmor

123 1686 163 1740 hit
176 1686 212 1741 ad
227 1685 333 1750 Filium,
351 1686 397 1758 qui
411 1685 473 1740 ideo
483 1685 570 1741 credit
585 1686 612 1740 in
632 1686 747 1754 Filium,
765 1686 829 1757 quia
845 1687 956 1763 cogi-B
1012 1682 1097 1736 Vnus.
1111 1683 1154 1734 56.
1166 1709 1201 1720 -
1216 1682 1285 1736 Coro
1299 1681 1386 1735 cuim.
1405 1681 1475 1735 Vere
1489 1681 1563 1738 vivet
1575 1698 1596 1739 tn

123 1782 170 1845 tat,
182 1781 247 1844 etc,
259 1776 386 1847 usquead
396 1774 424 1828 in
432 1774 806 1848 quooommendaturmagna
817 1776 916 1848 gratia.
971 1786 1023 1841 pus
1037 1786 1070 1824 ex
1084 1770 1137 1824 hoc
1152 1768 1224 1834 cibo,
1241 1768 1303 1839 quia
1318 1785 1383 1824 curo
1397 1785 1461 1824 msa
1475 1786 1538 1826 vere
1559 1779 1596 1828 cst

124 1865 159 1920 lit
173 1880 220 1936 epo
234 1864 415 1931 resuscitabo,
432 1870 484 1919 etc.
501 1863 562 1936 Ego
581 1863 694 1934 aqualis
718 1864 791 1919 Patri
823 1863 922 1919 faciam
973 1859 1049 1913 solus
1061 1857 1125 1914 lacit
1141 1857 1320 1923 immortales,
1337 1865 1366 1912 ut
1381 1874 1470 1929 neque
1486 1859 1596 1916 caurien

123 1968 186 2007 eum
200 1951 293 2006 videre
318 1952 392 2022 quod
415 1951 511 2018 credit,
541 1948 711 2008 manducare
728 1953 802 2023 quod
817 1952 912 2017 esurit,
973 1948 1049 2017 tient,
1076 1947 1147 2001 alius
1175 1946 1253 2002 cibus
1268 1946 1321 2003 hoc
1344 1962 1399 2001 non
1414 1954 1541 2018 praestat,
1564 1949 1596 2005 eh'

124 2042 226 2096 habere
241 2040 314 2112 quod
330 2040 433 2095 amarit
448 2048 474 2095 et
489 2039 666 2107 desiderarit,
679 2041 752 2112 quod
768 2056 822 2096 non
831 2048 922 2112 potest
973 2037 1025 2092 hoo
1039 2042 1191 2107 appetatur.
1576 2091 1578 2095 ,

126 2145 188 2184 esse
202 2129 229 2182 in
243 2128 383 2200 praesenti,
400 2128 445 2183 ubi
460 2136 563 2183 tantum
583 2129 707 2183 trahitur.
1010 2126 1143 2181 Vausb'l.
1153 2153 1188 2164 -
1200 2124 1252 2191 Qui
1267 2126 1433 2181 muarducot.
1443 2128 1502 2181 lam
1511 2141 1596 2198 expon

160 2219 245 2273 Vnus
261 2219 304 2272 45.
319 2219 419 2272 —Est
441 2221 590 2291 scriptum.
617 2218 689 2274 Vere
704 2234 785 2273 nemo
800 2219 874 2273 venit
889 2217 924 2273 ad
974 2212 1021 2268 irat
1034 2213 1107 2285 quod
1128 2212 1213 2281 dixit,
1232 2214 1338 2284 etquid
1362 2215 1396 2268 sit
1418 2215 1584 2273 manducare

121 2322 166 2361 me
181 2306 234 2360 nisi
248 2306 330 2361 Pater
343 2306 477 2375 docuerit,
491 2306 555 2377 quia
570 2306 607 2361 ita
618 2312 753 2361 testantur
762 2306 922 2378 prophetiae.
974 2303 1068 2359 bibere
1099 2303 1281 2374 sanguinem,
1297 2304 1351 2358 hoc
1369 2311 1411 2358 est
1431 2320 1543 2360 manere
1567 2305 1596 2361 in

122 2394 225 2450 Omnes
240 2394 364 2450 homines
380 2395 458 2468 regni
472 2395 555 2464 illius,
573 2394 601 2449 id
621 2395 833 2450 estChristianae
849 2393 922 2461 fidei,
975 2391 1112 2447 Christum
1140 2392 1242 2446 habere
1271 2392 1298 2446 in
1317 2408 1346 2446 se
1374 2401 1539 2449 manentem.
1561 2392 1596 2464 Qu

125 2488 212 2539 cruat
227 2483 357 2539 docibiles
370 2484 428 2550 Dei,
447 2483 511 2554 quia
526 2483 577 2538 etsi
592 2482 795 2539 hominesioris
810 2484 926 2555 loquun-
974 2489 1066 2535 manet
1086 2480 1115 2534 in
1136 2480 1263 2546 Christo,
1280 2490 1307 2535 et
1321 2481 1350 2534 in
1371 2497 1425 2553 quo
1448 2497 1503 2536 non
1516 2496 1596 2539 manc

119 2579 175 2640 tur,
192 2580 284 2627 tamen
309 2573 383 2626 Deus
407 2572 482 2626 solus
507 2571 579 2626 intus
604 2588 716 2626 sensum
740 2572 836 2642 aperit,
853 2572 925 2626 intus
974 2583 1029 2624 non
1043 2568 1190 2624 manducat
1205 2569 1393 2640 spiritualiter,
1409 2577 1436 2625 et
1451 2570 1489 2626 sic
1504 2585 1596 2629 sacrat

121 2661 232 2716 instruit
247 2660 369 2716 veritatis
385 2660 541 2733 cognitione
557 2667 583 2714 et
598 2675 704 2725 amore,
717 2659 755 2714 ita
770 2660 925 2731 quicunqne
975 2658 1057 2712 sumit
1074 2657 1102 2711 in
1121 2657 1255 2726 judicium
1280 2659 1469 2729 corporaliter.

121 2749 197 2804 audit
227 2757 253 2804 et
276 2748 357 2803 discit
373 2763 389 2802 a
404 2749 494 2817 Patre,
511 2747 585 2802 venit
599 2748 635 2802 ad
658 2764 711 2802 rne.
729 2749 761 2803 lu
769 2749 923 2820 prophetis.
1012 2746 1096 2800 Vana.
1115 2749 1159 2801 58.
1175 2747 1302 2802 —Sicut
1332 2748 1553 2804 cantianella
1580 2764 1596 2806 a

119 2836 273 2908 Prophetis,
291 2835 356 2891 dicit
371 2835 524 2906 pluraliter,
537 2835 600 2906 quia
615 2850 710 2890 omnes
720 2837 861 2907 prophetae
872 2853 925 2892 uno
975 2835 1057 2900 misit,
1075 2834 1168 2901 idest,
1185 2834 1324 2890 hominem
1339 2834 1412 2903 facit,
1429 2844 1455 2890 et
1476 2837 1539 2894 inde
1553 2843 1596 2894 est

119 2933 145 2980 et
160 2926 258 2980 eodem
273 2924 370 2995 spiritu
385 2923 493 2994 repleti,
512 2923 576 2979 licet
591 2923 703 2978 diversa
717 2925 924 2995 prophetarant,
975 2922 1094 2977 referam
1108 2923 1192 2978 vitam
1205 2939 1295 2978 meam
1312 2924 1391 2996 quasi
1406 2925 1441 2980 ad
1455 2926 1596 2995 majoram.

119 3021 212 3069 tamen
221 3013 255 3067 ad
269 3013 341 3066 idem
357 3013 519 3066 tendebant.
975 3016 1029 3066 vet.
1041 3013 1075 3068 Ut
1085 3013 1175 3068 viram
1186 3029 1219 3067 ex
1235 3013 1395 3079 Patre,mea
1404 3014 1549 3070 exinanitio
1558 3013 1596 3072 lat

155 3103 241 3156 Vnus.
259 3101 301 3154 46.
318 3131 353 3139 -
368 3101 428 3155 Nou
448 3100 514 3173 quio
534 3102 658 3167 Putrem,
680 3108 732 3156 etc.
749 3101 780 3154 ld
795 3108 836 3155 est
852 3117 919 3174 ergo
934 3061 959 3124 C
973 3099 1044 3155 vivat
1059 3117 1091 3155 ex
1107 3117 1161 3167 me,
1178 3101 1348 3172 participatio
1362 3102 1425 3158 iacit
1440 3119 1501 3173 quae
1515 3119 1559 3158 me
1577 3119 1596 3158 n

121 3189 186 3245 nori
200 3190 317 3257 Patrem,
336 3188 399 3260 quia
411 3188 446 3242 ab
459 3188 506 3243 illo
522 3205 592 3256 sum,
609 3196 636 3244 et
650 3187 711 3245 ideo
726 3189 839 3259 credite,
856 3190 920 3262 quia
1005 3192 1091 3246 Vnus.
1104 3194 1147 3245 59.
1171 3220 1205 3229 -—
1226 3192 1276 3246 llic
1300 3195 1343 3245 cst
1371 3192 1464 3261 punis.
1480 3193 1515 3247 Et
1525 3191 1596 3249 itaa

120 3277 165 3349 qui
181 3277 266 3332 credit
281 3276 364 3331 inme
379 3277 459 3331 habet
469 3276 552 3331 vitam
563 3285 702 3332 aeternam.
719 3278 807 3333 Potuit
816 3278 917 3347 dicere,
970 3279 1014 3334 hic
1030 3287 1071 3333 est
1085 3295 1150 3334 rere
1164 3278 1245 3350 panis
1265 3280 1300 3333 de
1315 3280 1407 3348 ooelo,
1424 3296 1479 3335 non
1494 3295 1595 3338 manna

119 3366 201 3421 habet
215 3381 269 3434 me,
286 3365 334 3420 sed
348 3364 449 3420 revelat
465 3365 537 3436 quod
552 3366 610 3436 ipse
622 3366 655 3420 sit
665 3365 720 3422 vita
730 3374 843 3434 aterna,
856 3367 920 3438 quia
969 3367 1166 3422 manducantes
1188 3374 1280 3437 patras
1306 3368 1385 3422 vobis
1410 3368 1514 3424 similes
1538 3384 1596 3425 mor

119 3455 234 3510 verbum
248 3461 290 3508 est
304 3453 357 3509 uita
372 3453 512 3507 hominum
528 3453 601 3525 quod
617 3461 644 3508 et
659 3455 736 3510 cami
757 3471 813 3510 suae
837 3470 919 3527 quam
969 3464 1099 3511 aeternum
1117 3474 1123 3510 :
1138 3457 1210 3511 bunc
1222 3472 1322 3527 panem
1341 3459 1423 3512 homo
1439 3457 1596 3529 quiritamr

121 3550 291 3613 susceperat,
307 3541 351 3599 oui
366 3541 512 3596 intervenit
524 3558 598 3597 mors
613 3551 642 3597 ut
666 3551 783 3598 mortem
797 3543 916 3612 tolleret,
969 3545 1149 3611 manducans,
1164 3545 1236 3601 vivet
1246 3545 1274 3598 in
1289 3552 1420 3604 aternum
1438 3563 1444 3601 :
1462 3547 1551 3618 Supra
1573 3546 1596 3603 di

76 3694 81 3701 ¹
118 3631 164 3686 dat
192 3631 274 3706 vitum
305 3631 333 3685 in
362 3630 576 3697 resurrectione,
601 3638 628 3685 et
652 3631 711 3686 aliis
743 3632 918 3687 credentibus
969 3635 1127 3707 ramponis
1143 3634 1237 3707 quide
1256 3636 1323 3690 ceto
1342 3635 1481 3690 descendi.
1497 3634 1596 3691 llicdit

118 3721 145 3775 in
158 3736 197 3776 se.
969 3732 1011 3778 est
1027 3722 1111 3778 Filius
1125 3722 1252 3789 hominis,
1269 3723 1303 3777 ad
1318 3738 1395 3777 esum
1410 3725 1485 3792 cuius
1512 3722 1596 3780 carna

151 3810 235 3866 Vnus.
254 3809 297 3878 48,
321 3812 365 3864 49.
377 3836 411 3848 -
427 3810 480 3880 apo
494 3825 558 3865 suot
570 3809 655 3880 portis
669 3811 743 3864 vitu
761 3811 860 3864 Patres
872 3824 918 3864 uc·
969 3811 1015 3867 ille
1032 3813 1117 3884 partis
1132 3813 1180 3885 qui
1196 3813 1229 3867 de
1240 3813 1307 3868 coeto
1321 3812 1484 3868 descendit:
1501 3827 1568 3884 ergo
1581 3811 1596 3867 it

118 3899 181 3965 stri,
199 3907 251 3953 etc.
267 3898 366 3952 Manna
381 3897 415 3951 de
440 3912 494 3968 quo
517 3897 673 3967 superbitis,
689 3896 814 3967 patribus
838 3914 916 3951 mur·
969 3901 1021 3955 lius
1036 3900 1153 3955 hominis
1167 3909 1194 3954 et
1210 3901 1293 3954 Filius
1315 3901 1374 3954 Dei.

118 3985 303 4040 muratoribus
318 4000 434 4055 quorum
449 3984 516 4038 estis
531 3982 587 4050 filii,
600 3984 795 4039 murmurando
805 4000 859 4039 non
869 3984 919 4040 luit
1005 3990 1090 4042 Vnus.
1107 3992 1150 4042 64.
1167 4019 1201 4027 -
1217 3990 1298 4044 llutti
1312 4005 1385 4060 eruo.
1403 3988 1478 4044 llulti
1497 3987 1596 4045 carnali

118 4074 198 4144 panis
213 4072 285 4141 ritae,
303 4072 432 4142 quianon
450 4071 642 4126 intellexerunt
656 4072 683 4126 iu
699 4087 731 4127 eo
747 4072 916 4143 spiritualem
970 4086 1021 4143 tes,
1049 4076 1128 4148 quasi
1152 4076 1334 4147 particulatim
1356 4093 1467 4132 carnem
1499 4077 1596 4149 quain

117 4161 227 4228 cibum,
248 4159 288 4215 sic
303 4167 329 4214 et
344 4175 393 4214 ros
418 4159 463 4230 qui
478 4175 521 4214 me
546 4159 654 4227 auditis,
670 4175 726 4216 non
741 4161 918 4232 spiritualiter
969 4181 999 4220 se
1020 4165 1060 4221 eis
1079 4165 1285 4220 distributurum
1308 4166 1487 4237 promitteret,
1526 4172 1596 4222 couh

118 4248 279 4320 intelligitis.
310 4247 380 4302 Vixit
409 4256 498 4302 autem
526 4249 634 4319 Moyses
653 4255 680 4304 st
712 4248 759 4304 alii
786 4249 865 4306 electi
884 4252 918 4307 de
968 4269 1030 4310 esse
1039 4261 1143 4324 putant,
1160 4261 1188 4307 ut
1209 4254 1300 4309 cibum
1321 4255 1461 4309 hominum
1485 4255 1596 4311 humant

119 4353 230 4404 manna,
245 4336 310 4409 quia
323 4335 496 4407 spiritualiter
513 4336 757 4393 manducaverunt.
776 4337 820 4393 Sic
835 4346 862 4393 et
873 4339 918 4410 qui
967 4341 1055 4397 daret.

118 4427 201 4483 modo
215 4426 299 4482 rerba
313 4440 373 4480 mea
388 4424 563 4496 spiritualiter
571 4425 716 4496 accipiunt.
728 4428 783 4498 Epo
792 4444 856 4483 sum
868 4415 955 4499 ptr-D
1005 4432 1098 4486 Durus
1113 4433 1164 4498 est,
1182 4437 1233 4485 etc.
1263 4430 1358 4501 (huc.)
1374 4430 1419 4487 Sic
1446 4430 1587 4502 oportebat

120 4515 166 4570 uis
181 4515 255 4570 uitoe.
272 4516 345 4570 Ecce
359 4521 560 4570 sacramentum
583 4514 674 4568 verbis
698 4515 773 4586 tegit,
791 4522 820 4570 ut
832 4515 919 4570 Judaei
969 4518 1124 4573 hominibus
1137 4534 1193 4573 non
1208 4518 1415 4589 intelligeretur,
1433 4520 1482 4575 sed
1492 4525 1596 4576 secretu

119 4609 146 4657 et
161 4602 243 4657 etiam
258 4602 340 4674 aliqui
353 4601 480 4673 discipuli
503 4618 559 4657 non
582 4603 726 4658 credentes
739 4603 832 4659 uerbis
847 4603 919 4657 illius
969 4607 1011 4661 bis
1029 4614 1189 4678 tegeretur:
1206 4614 1340 4663 secretum
1364 4607 1415 4662 Dei
1436 4608 1555 4674 intentos
1568 4607 1596 4664 dt

120 4688 209 4760 magis
224 4690 452 4756 scandalizentur,
469 4698 496 4745 ct
520 4689 637 4746 humiles
653 4690 770 4762 apostoli
782 4691 920 4746 humiliter
969 4710 1024 4751 non
1038 4695 1179 4751 adversos.

120 4777 265 4832 credentes
292 4777 444 4847 probentur
463 4796 470 4842 ;
500 4778 573 4834 unde
594 4779 717 4834 Petrus:
743 4780 827 4835 Verba
853 4779 919 4835 uttoe
1004 4792 1089 4847 Vnus,
1105 4795 1149 4846 63,
1175 4821 1209 4831 -
1232 4792 1347 4863 step-90,
1364 4800 1415 4848 etc,
1443 4791 1596 4864 suspendio

121 4870 237 4921 oeitmoe
255 4865 347 4921 habet·
969 4879 1052 4949 Quasi
1062 4879 1134 4935 dicat
1145 4897 1152 4933 :
1162 4880 1236 4935 Tunc
1248 4879 1488 4951 intelligetisquod
1506 4895 1596 4937 nonct

94 4956 97 4960 ’
156 4970 242 5025 Vsus.
254 4973 298 5028 62.
313 5001 347 5009 -
362 4971 397 5026 at
408 4971 503 5043 panis,
516 4978 568 5027 etc.
585 4968 729 5039 Quomodo
739 4971 773 5028 sit
783 4972 918 5043 panisde-
969 4983 1023 5039 quo
1037 4967 1136 5038 putatis
1151 4982 1236 5039 erogo
1251 4982 1361 5039 corpus,
1378 4976 1404 5023 et
1419 4969 1492 5040 quod
1502 4970 1596 5040 haecgt

122 5058 249 5113 terminat
262 5074 316 5113 non
334 5058 422 5113 solum
442 5059 592 5115 secundum
620 5060 736 5116 verbum
759 5062 918 5131 quovirunt
968 5056 1019 5109 bus
1041 5071 1096 5110 non
1118 5055 1303 5124 consumitur,
1320 5056 1369 5111 sed
1387 5056 1518 5126 spirituali
1542 5069 1596 5130 grat

118 5145 220 5213 omnia,
232 5146 282 5201 sed
297 5146 378 5202 etiam
393 5146 542 5201 secuudum
559 5162 670 5203 carnem
679 5156 848 5220 assumptam
866 5166 917 5222 pro
968 5143 1069 5213 dando,
1088 5144 1163 5214 ipsos
1177 5143 1205 5198 in
1220 5159 1321 5216 corpus
1334 5161 1426 5200 meum
1440 5151 1589 5213 converto3

117 5233 212 5288 mundi
226 5233 290 5289 rita.
316 5234 440 5289 Humana
462 5233 535 5288 enim
557 5249 622 5289 caro
645 5245 777 5306 quaerat
804 5246 917 5309 peccato
967 5231 1048 5287 solvit
1063 5231 1136 5303 quod
1150 5231 1225 5302 ipsos
1240 5241 1379 5300 moverat3
1395 5234 1524 5305 putabant
1534 5232 1596 5290 cuin

119 5321 248 5391 obnoxia,
263 5328 290 5377 et
310 5321 373 5377 ideo
385 5328 501 5389 mortua,
518 5322 595 5378 carui
623 5322 681 5391 eius
709 5325 817 5380 munda
829 5326 913 5391 nnita,
966 5331 1018 5386 9¹¹⁸
1030 5315 1212 5386 distribueret,
1227 5315 1273 5372 ille
1288 5317 1352 5373 dicit
1369 5317 1398 5372 in
1416 5317 1515 5373 ooelum
1534 5333 1565 5374 se
1585 5332 1596 5373 t

119 5410 301 5481 incorporata,
320 5424 404 5463 unum
419 5425 480 5466 curn
495 5409 541 5464 illo
556 5407 669 5476 effecta,
686 5410 753 5468 sivit
767 5412 802 5468 de
819 5412 916 5484 spiritu
967 5404 1061 5476 ulique
1082 5404 1228 5476 integrum·
1250 5403 1321 5473 Quid
1340 5420 1408 5478 ergO
1432 5405 1579 5462 tenendum

120 5499 189 5569 eius,
205 5496 275 5554 sicut
288 5496 355 5554 sivit
368 5512 466 5568 corpus
481 5497 515 5553 de
526 5514 575 5554 suo
590 5498 706 5571 spiritu:
723 5500 770 5572 qui
786 5515 852 5557 vero
861 5516 916 5557 non
966 5492 1077 5548 subdit:

120 5593 162 5644 cst
176 5587 211 5644 de
225 5600 339 5658 corpore
349 5585 458 5662 Christi,
471 5601 525 5642 non
539 5586 604 5644 vivit
628 5588 663 5644 de
687 5587 783 5660 spiritu
805 5588 914 5647 Christi.
1002 5589 1086 5647 Vnus.
1105 5591 1149 5646 64.
1160 5591 1328 5663 -Spiritus
1341 5596 1384 5647 est
1397 5594 1445 5664 qut·
1459 5589 1593 5661 vtvttcot.
