3772 6112
381 292 741 352 onosstoannvmn.
761 324 797 337 -
819 294 928 350 nrrsr.
944 248 1018 349 ιιι)
1033 292 1114 350 cor.
1287 250 1298 276 ⁴
1462 301 1472 311 ·
1568 295 1620 349 aaa

92 434 205 478 rcausa
233 419 415 476 venerationis
438 419 543 475 edere?
566 419 676 474 iudicor
698 419 809 482 cnimA
823 419 945 474 nondum
969 432 1018 474 suo
1042 416 1128 486 judici
1154 432 1184 473 se
1212 414 1292 473 offert
1322 423 1348 473 ει
1377 414 1549 488 colloquitur,
1580 415 1625 471 ubi

92 517 146 567 lare
157 510 192 564 ab
205 508 354 565 idololatra.
822 506 1004 562 conditionem
1020 521 1097 561 suam
1112 521 1225 560 necesse
1241 512 1282 560 εει
1294 503 1424 576 profiteri.

92 618 158 672 ‚ah
176 636 213 657 »-
237 616 299 672 Siue
313 630 376 687 erpo
389 613 579 670 manducatis.
600 614 661 668 Non
685 612 771 667 solum
857 596 943 650 Vffl·
959 596 986 651 7·
1003 625 1038 636 ·
1050 595 1189 662 Quoniam
1203 595 1304 666 imapo.
1328 593 1420 665 1¹¹¹⁸E⁰
1435 601 1462 648 0²
1474 592 1621 649 ⁸5fflffill1d0

92 712 165 761 :tua
178 710 258 759 sonet
270 703 364 759 laudes
378 702 444 767 Dei,
468 701 516 757 sed
531 701 611 757 etiam
626 715 708 772 opera
726 708 771 756 tua
820 699 870 754 lll⁰
885 698 915 737 ⁵0
929 681 1044 738 inlloeffl
1070 682 1249 753 floellllufflub
1278 681 1328 736 ⁸0⁶
1343 689 1432 736 lamen
1448 680 1475 734 5¹¹
1491 682 1543 737 ¹¹⁰⁰
1556 697 1622 752 ΡΓΟ·

92 781 142 849 m
156 807 218 850 cum
233 807 300 848 ,0oe
314 800 369 847 tua,
391 790 460 846 qum
481 790 553 845 enim
566 796 772 845 vocecamave.
822 770 881 842 prie
907 777 947 825 est
972 770 1119 826 similitudo
1141 769 1238 825 animae
1262 785 1323 825 cum
1346 770 1415 839 Deo,
1440 769 1514 841 quod
1537 768 1622 826 incir-

92 880 142 939 ,ΜΒ
164 878 307 953 aliquando
326 878 392 935 vita,
413 879 468 935 Sed
482 877 522 934 sic
537 886 624 944 cama,
647 885 677 932 ut
698 893 772 933 nun..
822 858 995 930 cumscripta,
1013 859 1086 931 quod
1100 858 1202 930 ubique
1216 866 1271 914 [018
1286 864 1312 913 θῑ
1326 856 1416 914 simul.

92 966 163 1025 mm,
189 967 217 1023 Si
235 968 307 1022 enim
323 982 371 1022 ope
385 967 496 1031 clamas,
514 975 540 1022 gt
559 965 681 1022 fraudem
699 965 772 1037 cogi.
859 949 954 1019 (Atto,
969 946 1017 1002 lib.
1034 962 1075 1001 Xll
1091 947 1124 1002 de
1144 948 1219 1002 Trita.
1236 963 1261 1003 C·
1279 948 1306 1012 7,
1325 951 1352 1013 8,
1368 946 1408 1017 9.)
1424 945 1512 1002 Homo
1526 945 1625 1003 dicitur

92 1056 148 1113 ,pq
171 1070 188 1111 a
210 1055 290 1112 paud,
303 1054 363 1121 pei,
388 1063 415 1110 et
439 1032 511 1126 qu‘od
533 1054 644 1126 gravius
664 1061 715 1121 ,μ’
745 1053 772 1108 in
823 1039 915 1108 imago
929 1034 990 1103 Dei,
1001 1042 1027 1092 ct
1041 1035 1075 1090 ad
1089 1034 1235 1107 imaginem
1253 1034 1407 1106 :quianon
1420 1033 1542 1107 aequalis,
1559 1042 1623 1102 etc.,

92 1144 175 1201 mim
196 1142 347 1215 perrexisti,
367 1141 434 1198 eum
457 1142 528 1198 enim
553 1142 676 1197 laudatur
700 1142 773 1197 [spus
821 1141 908 1197 oeque
922 1124 958 1181 cd
972 1130 1002 1178 ιιι
1014 1123 1085 1178 male
1099 1122 1221 1180 viventes
1234 1123 1304 1178 benc
1318 1122 1455 1196 loquendo
1478 1122 1620 1194 turpitudi-

92 1247 102 1289 ι
121 1247 205 1304 opere
219 1240 274 1297 tuo,
295 1230 389 1286 laudas
405 1230 492 1286 Deum
507 1248 514 1285 z
530 1239 632 1286 etcum
650 1230 774 1301 blasphe·
822 1227 886 1268 nem
900 1228 976 1267 suam
990 1219 1144 1283 θθῦῑθῧθῃῑ·

92 1323 153 1377 >eus
169 1319 288 1375 demalo
305 1334 388 1389 opere
407 1327 462 1385 tuo,
483 1318 654 1390 blasphemas
674 1319 771 1373 Deum.
859 1302 944 1356 Vm·
969 1303 1013 1355 Η·
1035 1329 1071 1341 ···
1098 1302 1306 1356 Verumtamen·
1333 1297 1465 1367 Quamvis
1488 1299 1516 1353 ln
1536 1298 1624 1371 prima

92 1408 191 1481 ,quod
214 1406 363 1462 manducas
384 1415 410 1462 ,ι
433 1406 513 1472 bibis,
537 1407 572 1462 ad
600 1405 773 1463 resecqfflem
823 1388 977 1445 conditione
1001 1403 1055 1444 non
1076 1388 1110 1442 sit
1133 1388 1176 1443 vir
1199 1388 1234 1442 de
1257 1387 1367 1474 semina,
1395 1387 1443 1443 sed
1470 1402 1623 1443 converso:

92 1497 211 1562 mamis,
233 1495 485 1567 repamtjfflemque
504 1494 697 1560 membrorum,
716 1510 775 1565 gra.
824 1477 903 1533 etiam
916 1477 945 1531 in
963 1476 1087 1549 sequenti
1113 1476 1292 1549 generatione
1309 1491 1363 1530 non
1383 1483 1424 1531 est
1442 1477 1504 1531 hoc.
1525 1477 1558 1532 lc
1576 1477 1624 1532 lle

92 1600 129 1641 ῃ,
152 1584 178 1641 ej
201 1584 247 1656 qui
263 1583 312 1638 fibi
330 1582 425 1638 tribuit
443 1583 550 1639 mortali
572 1590 598 1639 ep
615 1582 705 1654 fragili
723 1583 774 1638 ,313
824 1567 912 1623 mico.
927 1565 1011 1620 idest
1026 1564 1053 1619 in
1067 1565 1225 1635 operatione
1241 1563 1359 1630 Domini,
1371 1564 1399 1618 in
1413 1579 1467 1637 qua
1480 1564 1550 1620 alter
1565 1562 1623 1618 sine

92 1681 232 1730 tentorum
247 1671 351 1738 solatia,
366 1672 443 1728 cibus
457 1681 520 1728 tuus
538 1679 565 1728 et
584 1679 663 1743 potus
683 1670 776 1726 laudat
824 1652 978 1709 ³1¹⁰T0¹¹⁰¹¹
994 1661 1112 1709 malur-

97 1760 128 1818 Si
142 1777 208 1819 vcro
222 1761 332 1816 modum
352 1768 453 1815 naturae
477 1760 597 1815 debiturn
611 1759 811 1834 immodera-13
861 1768 947 1824 vm,
964 1771 1007 1827 ta.
1031 1799 1066 1810 -
1091 1768 1191 1823 omnia
1214 1772 1321 1823 autem.
1345 1766 1491 1839 Postquam
1514 1766 1623 1838 singula

92 1849 224 1907 oracitatis
248 1849 373 1914 excedas,
394 1857 420 1904 et
440 1848 584 1904 vinolentia
605 1855 631 1903 ιθ
650 1848 772 1920 ingurgi·
822 1855 899 1923 dixit,
918 1864 947 1911 ut
965 1856 1057 1912 omnia
1076 1856 1135 1912 Deo
1154 1856 1200 1911 uni
1220 1855 1353 1926 principio
1369 1855 1523 1924 subjiceret,
1549 1855 1624 1911 addit

92 1938 232 1995 Qualibet
245 1937 341 1993 laudes
363 1937 413 1992 Del
435 1937 528 2009 lingua
542 1944 586 1992 lut
601 1945 693 2004 sonet,
717 1936 774 1992 Vlla
823 1947 920 2001 omnio
947 1961 985 2001 cc
1012 1947 1076 2008 Deo,
1105 1952 1133 1998 ut
1160 1960 1250 2016 neque
1277 1943 1375 1997 mulier
1398 1943 1432 1999 dc
1457 1943 1624 2012 subiectione

92 2034 158 2084 mat.
823 2032 1027 2105 delectaeque
1043 2032 1086 2087 vir
1100 2032 1134 2088 de
1149 2032 1314 2088 exaltatione
1330 2031 1478 2102 superbiat.

92 2181 98 2197 .
112 2142 158 2197 32.
173 2171 208 2182 -
229 2140 361 2196 Ecctcrioe
375 2141 434 2196 Dei.
450 2137 587 2207 Quantum
601 2138 636 2194 ad
650 2135 773 2194 infirmos
859 2134 946 2189 Vasa.
961 2130 1005 2190 ia.
1016 2163 1051 2175 -
1064 2135 1111 2191 Vos
1126 2136 1190 2207 ipsi.
1202 2132 1271 2202 Quia
1285 2133 1416 2189 Corinthii
1430 2133 1488 2202 ejus
1504 2133 1621 2190 traditio·

94 2224 163 2285 finnt
183 2225 358 2294 offendicula,
383 2227 448 2282 dum
463 2242 559 2283 eorum
584 2226 709 2298 exemplo
724 2227 773 2282 ad·
822 2238 886 2278 nem
896 2238 951 2278 non
965 2229 1141 2279 servaverant
1153 2222 1238 2295 (quod
1254 2221 1294 2277 eis
1309 2221 1474 2289 succenset),
1497 2221 1552 2291 jam
1568 2238 1623 2277 non

92 2314 136 2372 bia
150 2331 211 2388 que
225 2315 333 2371 inimica
348 2322 411 2370 sunt
420 2316 488 2371 Deo.
823 2326 856 2366 ex
879 2311 1034 2367 auctoritate
1061 2310 1213 2366 traditionis
1238 2309 1343 2375 suadet,
1372 2309 1422 2365 sed
1449 2326 1483 2365 ex
1511 2317 1618 2366 natura.

92 2471 100 2487 ‚
114 2432 160 2486 33¹
171 2460 207 2472 .,
220 2430 353 2486 Omnibus
364 2431 470 2502 placeo·
480 2428 533 2499 Qui
543 2428 773 2501 hominibusmo,
824 2400 933 2456 Natura
947 2415 998 2455 cos
1011 2399 1100 2464 docet,
1125 2401 1190 2471 quio
1206 2400 1249 2454 uir
1262 2401 1288 2454 ιι
1302 2415 1411 2455 comam
1424 2400 1548 2465 πειτιιιι,
1570 2406 1622 2454 etc.

92 2518 193 2574 ΜΠ,
215 2518 312 2589 placet,
335 2518 390 2587 jam
414 2533 469 2573 non
491 2517 550 2590 ipse
564 2514 679 2584 iffis’ged
702 2517 774 2573 veri,
824 2487 908 2543 Coma
920 2494 962 2543 cst
974 2486 1063 2560 gloria
1077 2487 1194 2553 mulieri,
1212 2487 1276 2559 quia
1290 2485 1448 2542 naturaliter
1462 2502 1522 2542 eam
1537 2486 1619 2542 habet

92 2615 130 2663 et·
155 2606 185 2662 Si
198 2615 308 2678 propter
323 2607 442 2678 seipsum
457 2605 547 2676 place,
560 2607 652 2672 homo¹
675 2621 772 2677 super·
823 2591 874 2647 pro
897 2575 1029 2631 velamine
1048 2592 1055 2630 :
1076 2591 1153 2631 coma
1167 2575 1240 2631 enim
1264 2575 1391 2631 indicium
1415 2573 1558 2630 velaminis
1581 2582 1623 2631 est

92 2715 100 2766 ἰ
120 2694 173 2752 hoe
194 2701 236 2750 es,
258 2695 331 2767 quod
346 2693 410 2750 alibi
432 2694 498 2750 dixit
523 2711 530 2749 :
559 2695 588 2751 εἰ
613 2694 773 2750 hominibus
823 2672 852 2720 ut
867 2672 973 2721 naturae
984 2663 1110 2720 voluntas
1123 2663 1247 2721 addatur.
1262 2664 1298 2718 Et
1311 2664 1374 2719 ideo
1389 2664 1430 2720 vir
1443 2678 1497 2719 non
1512 2672 1553 2719 εει
1574 2679 1622 2718 na·

92 2801 125 2853 m,
151 2800 248 2841 ,mm
268 2784 373 2840 omn
393 2799 452 2839 mm
467 2799 557 2840 mem
571 2783 644 2855 (Gal.
661 2782 693 2854 ¹).
719 2783 774 2839 Sed
823 2753 946 2809 turaliter
969 2761 1102 2819 comatus,
1132 2752 1195 2826 quia
1222 2769 1277 2808 non
1304 2761 1345 2808 est
1363 2753 1507 2820 velandus,
1533 2761 1559 2809 et
1578 2753 1621 2808 lex

92 2873 96 2927 l
123 2872 249 2944 placebat
277 2870 498 2941 persecutoribus
527 2871 611 2926 suist
649 2870 775 2927 Placebat
823 2842 948 2914 thibel
961 2840 1050 2899 Vllum
1066 2858 1127 2898 0⁸⁸2
1142 2848 1287 2897 ⁰⁰¹¹¹fll¹¹¹1b

92 2960 173 3030 eneti
194 2959 343 3026 homiuum,
370 2959 442 3031 quod
469 2959 567 3015 Christi
590 2959 774 3031 congregabat
859 2958 945 3013 Vana.
962 2957 1006 3013 tt.
1022 2988 1068 3042 ι-
1091 2958 1121 3014 Si
1134 2973 1254 3024 comem,
1280 2965 1332 3013 etc.
1348 2957 1432 3013 Coma
1447 2956 1581 3013 Samuelis
1596 2966 1623 3013 et

92 3056 139 3116 tm,
160 3048 218 3105 sive
232 3049 288 3118 jam
307 3047 379 3103 intus
392 3047 497 3119 positis,
524 3047 581 3104 sive
596 3048 772 3104 introducen-
823 3045 1020 3117 prophetarum
1040 3061 1091 3117 pro
1114 3046 1249 3102 velamine
1265 3045 1364 3102 veteris
1379 3045 1459 3118 legis,
1475 3045 1504 3100 in
1517 3045 1622 3102 revela·

92 3153 146 3195 anx.
781 3129 807 3193 G
822 3133 895 3189 tione
908 3134 1050 3207 Evangelii
1071 3134 1236 3206 deponitur:
1252 3133 1324 3191 unde
1339 3150 1401 3191 cum
1417 3133 1560 3191 transieris
1584 3134 1619 3190 ad

825 3221 973 3290 Christum,
989 3222 1127 3280 auferetur
1141 3224 1275 3280 velamen.

285 3288 398 3344 CAPUT
416 3288 466 3343 XI·
857 3338 943 3393 Vsus.
958 3339 1039 3393 ιι-
1052 3340 1107 3396 Ηοε
1124 3343 1221 3395 actem
1231 3341 1379 3413 precipiet
1393 3339 1455 3395 Non
1466 3337 1619 3395 deserentis

91 3432 141 3486 .t.
156 3459 191 3472 -
212 3430 381 3486 Imitatores.
397 3429 465 3485 Sunt
476 3429 577 3502 medus
601 3428 628 3484 in
649 3429 773 3486 Ecclesia
823 3426 932 3482 solertia
952 3427 1118 3500 requiratur,
1142 3427 1191 3482 scd
1214 3427 1395 3499 precipientis
1419 3427 1566 3484 auctoritas
1581 3435 1623 3483 at-

92 3535 110 3574 n
131 3525 158 3575 ει
176 3518 321 3587 minorum,
346 3526 375 3573 nt
398 3518 438 3573 illi
460 3518 585 3589 exemplo
606 3520 771 3589 praecedant,
823 3515 958 3571 tendatur.
979 3516 1041 3572 Non
1064 3516 1193 3571 laudans.
1219 3515 1316 3587 incipit
1334 3516 1368 3572 de
1388 3516 1529 3573 Dominica
1542 3531 1620 3574 coena

92 3606 173 3664 ttione
194 3614 351 3679 sequantur.
378 3606 433 3662 Sed
453 3615 480 3662 et
500 3607 546 3679 qni
560 3607 725 3678 praecedunt,
750 3608 773 3662 si
822 3602 923 3669 dicere,
939 3602 966 3658 in
981 3619 1034 3676 qua
1047 3603 1161 3659 multum
1175 3604 1334 3674 peccabant.

92 3712 114 3751 1¹
128 3703 288 3793 “quunllffr
314 3694 441 3750 errabunt
456 3711 463 3750 ²
480 3703 628 3768 ⁸⁰<ll¹¹¹¹¹²¹¹s
642 3710 708 3768 “8⁰
722 3695 773 3751 ΒΗ·
859 3718 943 3773 Vnae.
959 3719 1003 3773 ta.
1014 3747 1049 3759 -
1060 3718 1176 3790 Oportet
1185 3722 1214 3774 ει
1224 3719 1352 3784 horresce,
1364 3726 1416 3774 etc.
1427 3719 1488 3775 Non
1502 3719 1559 3775 vult
1568 3735 1620 3776 nec

92 3784 110 3840 ἀ
124 3792 166 3841 03‘
178 3783 327 3839 emtum·
822 3813 896 3877 optat
909 3806 1055 3878 Apostolus
1069 3823 1131 3863 esse
1145 3808 1281 3876 haereses,
1307 3807 1356 3863 sed
1371 3807 1434 3880 quia
1446 3807 1486 3864 sic
1499 3807 1619 3864 futurum

91 3901 147 3956 ,8.
176 3930 210 3940 -
239 3898 342 3968 laudo,
369 3905 420 3952 etc.
445 3897 541 3969 Incipit
565 3897 609 3954 bic
634 3912 716 3971 agere
738 3898 774 3954 dc
823 3902 873 3962 est,
890 3895 964 3952 dicit.
985 3895 1020 3951 Et
1033 3896 1068 3950 ad
1081 3896 1146 3968 qnid
1168 3896 1220 3951 hoc
1242 3895 1276 3951 sit
1290 3894 1366 3963 utile,
1386 3896 1476 3952 subdit
1492 3915 1499 3952 ε
1515 3898 1550 3954 Ut
1563 3913 1618 3953 non

92 3986 154 4044 ihus
175 3987 203 4041 in
227 3986 324 4059 quibus
344 3986 432 4058 arguit
450 3986 511 4041 illos
532 4001 596 4041 suas
613 3986 773 4043 traditiones
822 3991 925 4039 tantum
944 3984 1052 4055 reprobi
1072 3984 1130 4056 (qui
1151 3984 1263 4040 dicunt:
1279 3987 1333 4058 Epo
1354 4001 1418 4041 sum
1438 3986 1544 4056 naec),
1569 3987 1619 4042 sed
1695 4026 1701 4038 .

92 4083 196 4133 mantes
214 4093 221 4130 :
238 4076 301 4149 quia
317 4075 426 4130 illorum
444 4075 527 4146 aliqui
548 4075 599 4130 viri
618 4076 706 4131 velato
725 4091 772 4132 ca-
822 4080 849 4128 et
872 4072 918 4145 qui
941 4072 1046 4144 probati
1063 4080 1133 4136 sunt,
1158 4072 1294 4129 manifesti
1308 4072 1384 4129 bant.
1407 4074 1533 4130 Eaereses
1553 4074 1619 4131 dicit

102 4162 200 4238 aliquae
222 4164 350 4220 mulieres
364 4179 418 4219 non
437 4163 525 4219 velato
543 4164 632 4234 capite
651 4165 771 4230 orabant,
822 4176 873 4231 pro
901 4161 944 4217 his
967 4162 1013 4235 qui
1040 4162 1163 4217 dubitant
1188 4162 1223 4219 de
1248 4162 1456 4221 resurrectione.
1486 4163 1618 4220 Scissurae

92 4252 239 4311 thetabam.
263 4253 342 4308 Unde
356 4261 382 4307 et
398 4260 541 4308 succenset
560 4252 600 4307 eis
615 4253 771 4324 Apostolus,
821 4257 901 4305 crant
919 4265 971 4320 pro
984 4250 1063 4306 donis
1079 4250 1263 4321 spiritualibus
1280 4268 1286 4306 :
1302 4252 1370 4307 ethi
1384 4251 1457 4306 malo
1479 4266 1529 4307 sno
1550 4267 1618 4322 pro-

92 4356 128 4397 tm
155 4347 229 4398 esset
254 4341 294 4396 eis
317 4341 473 4412 Apostolus,
499 4340 673 4396 immemores
696 4348 773 4396 erant
822 4346 884 4393 sunt
906 4337 1057 4394 catholicis.
1084 4337 1187 4395 Omnes
1212 4340 1283 4394 enim
1306 4339 1408 4394 inimici
1421 4339 1553 4395 Ecclesia
1574 4338 1618 4395 vel

92 4444 146 4487 urm
164 4430 233 4499 ejus,
258 4431 345 4502 quasi.
370 4430 429 4485 Etsi
447 4430 482 4487 de
502 4429 563 4485 aliis
577 4430 667 4502 culpo,
691 4430 771 4485 laudo
822 4442 915 4482 errore
938 4427 1031 4483 caecati
1049 4427 1093 4482 vel
1113 4427 1214 4484 malitia
1234 4428 1372 4499 depravati
1391 4433 1504 4499 prosunt
1523 4427 1618 4483 Eccle-

92 4517 181 4576 teaoc
192 4536 199 4572 ι
211 4518 308 4575 ironia.
780 4489 807 4550 D
822 4514 870 4570 sisa
886 4532 893 4570 :
909 4514 972 4587 quia
986 4515 1010 4570 si
1026 4515 1162 4587 accipiunt
1183 4523 1343 4586 potestatem
1356 4514 1535 4586 corporaliter
1550 4513 1618 4570 atili·

92 4626 138 4681 .a.
153 4655 189 4666 -
206 4626 271 4691 ver,
288 4633 341 4682 ete.
359 4627 449 4681 Potest
464 4626 574 4681 nomine
589 4625 641 4681 viri
656 4625 770 4699 inteutgt
820 4604 913 4677 genua,
928 4611 1057 4660 exercent
1075 4604 1134 4672 eius
1156 4603 1323 4674 patrensem.
1338 4603 1367 4659 Si
1380 4619 1446 4659 vero
1466 4604 1536 4660 mate
1557 4618 1617 4659 sen·

92 4713 151 4779 itns,
166 4728 222 4769 non
237 4713 283 4768 ille
297 4714 411 4785 Spiritus
427 4722 534 4770 sanetus
551 4714 597 4787 qui
614 4730 676 4770 cum
692 4715 770 4772 pape
820 4693 911 4749 tiendo
925 4692 1113 4758 adversantur,
1132 4699 1262 4748 exercent
1276 4691 1334 4759 ejus
1350 4690 1518 4763 sapientiam.

92 4801 267 4857 immutabilis
282 4811 383 4868 manet,
405 4811 431 4859 et
446 4803 537 4876 dignis
551 4802 648 4858 animis
662 4803 769 4861 incom·
855 4809 940 4864 Vnae.
956 4811 1002 4864 20.
1013 4838 1048 4848 -
1058 4808 1364 4864 dominicomcoecom.
1375 4805 1546 4863 Dominicam
1559 4823 1615 4865 coe-

92 4897 137 4946 ter
156 4890 251 4956 datur;
278 4891 327 4954 sed
346 4891 456 4962 spiritus
475 4892 603 4961 bominis,
628 4893 675 4964 qni
694 4894 768 4964 quasi
818 4912 881 4951 narn
893 4894 958 4951 dicit
980 4896 1166 4966 acceptionem
1189 4895 1375 4963 Eucharistiae,
1401 4911 1483 4968 quam
1497 4911 1552 4951 non
1567 4896 1616 4950 de·

95 4977 222 5048 maritus,
255 4979 400 5036 animalem
439 4978 610 5036 affectionem
641 4989 769 5052 tanquam
818 4984 884 5039 bent
901 4985 996 5056 pransi
1016 5000 1142 5050 sumere,
1171 4983 1215 5040 vel
1237 4983 1340 5038 mensis
1357 4983 1414 5039 suis
1434 4984 1560 5051 miscere,
1587 4991 1616 5039 ιιι

92 5082 117 5122 ιι
140 5067 222 5138 regit.
250 5068 340 5140 Caput
356 5068 484 5124 Christus
499 5074 551 5125 cst.
577 5068 647 5137 Quia
660 5069 768 5140 spiritus
817 5072 845 5127 hi
869 5089 938 5145 quos
961 5073 1107 5145 Apostolus
1128 5073 1227 5147 arguit,
1252 5072 1300 5128 sed
1312 5072 1406 5142 ieiuni,
1432 5073 1459 5127 ιιι
1482 5074 1615 5128 honorem

102 5152 209 5230 regitur
223 5171 240 5211 a
255 5156 389 5226 sapientia
402 5157 462 5226 Dei,
490 5173 551 5230 quac
565 5157 688 5213 Christus
703 5164 744 5214 est
759 5176 766 5213 ε
817 5161 884 5216 tanti
907 5163 1077 5218 sacramenti.
1101 5163 1175 5219 Licet
1189 5163 1261 5218 enim
1277 5168 1340 5234 post
1353 5176 1459 5217 coenam
1474 5160 1616 5232 discipulis

92 5242 149 5300 icnt
167 5242 195 5297 in
215 5244 304 5315 capite
325 5252 388 5299 sunt
408 5260 503 5301 omnes
524 5261 621 5302 sensus
640 5246 767 5317 spiritua-
818 5250 875 5305 suis
889 5250 993 5306 dederit
1007 5265 1106 5320 corpus
1120 5259 1147 5307 et
1161 5253 1321 5325 sanguinem
1336 5266 1424 5316 suum,
1453 5257 1615 5307 nontamen

92 5338 131 5400 ει,
146 5330 288 5405 plenitudo
308 5333 467 5404 gratiarum,
488 5335 522 5389 de
542 5351 595 5407 qua
608 5335 705 5407 accipit
726 5335 768 5391 vir
814 5340 870 5409 iarn
898 5337 1115 5395 calumniandum
1142 5347 1183 5395 est
1210 5342 1343 5397 universae
1365 5339 1512 5407 Ecclesiae,
1541 5341 1613 5412 quod

92 5436 138 5493 per
149 5421 203 5478 hoo
218 5429 259 5477 cst
280 5422 322 5475 vir
343 5430 425 5492 caput
447 5423 577 5491 mulieris,
601 5423 694 5491 idest,
719 5439 767 5479 re·
816 5428 942 5497 ajejnnis
957 5443 1065 5499 semper
1078 5427 1201 5482 sumitur.
1226 5430 1296 5483 Nam
1311 5429 1436 5486 Salvator
1455 5445 1508 5502 quo
1530 5430 1612 5484 vehe-

92 5508 237 5580 imalitatis,
263 5526 324 5581 qnae
346 5511 451 5583 regitur
478 5527 495 5565 a
523 5512 619 5583 spiritu
640 5520 766 5584 tanquam
816 5516 932 5572 mentius
959 5516 1165 5576 commendaret
1187 5517 1309 5589 mysterii
1333 5518 1412 5587 hujus
1434 5516 1611 5579 altitudinem,

92 5597 182 5654 trito.
815 5604 901 5659 voluit
924 5605 975 5660 hoc
995 5604 1119 5660 ultimum
1141 5604 1256 5678 infigere
1274 5606 1400 5662 cordibus
1423 5614 1450 5661 et
1473 5602 1613 5660 memoriae

92 5703 105 5742 ι.
130 5684 202 5756 Qtria
223 5687 252 5742 in
275 5686 334 5743 aliis
350 5687 396 5741 nbi
411 5695 462 5756 est,
488 5695 577 5759 potest
591 5690 694 5756 velare,
717 5690 767 5746 sed
815 5708 921 5750 eorum.
947 5691 1008 5763 Quo
1021 5694 1116 5751 ordine
1130 5702 1222 5752 autern
1236 5702 1298 5765 post
1312 5701 1473 5758 sumeretur,
1490 5690 1526 5747 ab
1541 5706 1610 5764 apo·
1623 5724 1633 5737 ·
