3772 6112
71 269 127 327 Dl'l

455 409 499 450 tt..

74 491 252 548 Demonstrat
265 490 403 563 placidum
416 490 536 547 loannes
550 491 661 549 nutibus
669 508 779 566 agnum.

471 595 496 636 n.

76 667 202 725 Andreas
215 667 345 741 seqnitur,
356 667 434 724 tratri
449 593 591 742 :ompertc
603 668 733 741 protatur.

451 771 496 812 rt.

75 855 193 926 Imperat
205 869 237 911 os
251 853 366 909 vitreum
375 860 437 926 post
451 869 480 909 se
495 869 643 925 properare
658 852 821 926 Philippum,

75 942 230 999 Natbanael
243 941 334 1014 spissa
349 941 393 1013 qui
408 957 472 997 mox
482 941 608 999 subducit
619 944 653 998 ab
663 943 768 999 umbra.

452 1044 496 1085 ln.

77 1119 207 1177 Testibns
220 1118 297 1175 nisce
309 1134 409 1175 novum
420 1117 483 1175 lecit
498 1118 532 1174 de
543 1117 652 1174 durnine
666 1117 787 1193 signum,

78 1207 219 1265 conviviis
228 1207 324 1264 latices
333 1207 439 1263 invites
448 1208 546 1280 pocula
559 1214 676 1264 vertens.

451 1311 496 1352 Αι.

78 1385 158 1442 Retia
171 1383 430 1459 germanilinquunt
440 1384 467 1438 in
477 1383 587 1440 uomina
601 1383 717 1453 Christi,

77 1474 140 1529 llox
166 1472 212 1529 alii
244 1473 380 1544 lacrymas
405 1480 535 1544 spernunt
561 1487 622 1527 cnm
652 1487 721 1528 nave
739 1478 875 1544 paternas.

451 1576 496 1616 an.

79 1649 400 1721 Omnipotensmedicus‚
418 1649 558 1704 hominum
585 1648 728 1704 miserator
749 1655 776 1706 et
797 1665 877 1719 unus,

77 1736 250 1795 Omnimodis
265 1753 377 1810 pressos
389 1737 470 1808 jussit
484 1737 627 1793 discedere
640 1751 732 1794 sanos.

452 1840 495 1881 it.

77 1913 225 1986 Spiritibus
237 1913 303 1969 diris
315 1914 455 1970 bominum
469 1913 627 1985 dccorpore
638 1912 725 1984 pulsis

77 2004 135 2059 Das
150 2003 287 2074 pecudum
302 2001 402 2058 furiare
417 2018 529 2076 greges
544 2001 693 2071 Justissime
704 2001 798 2072 judex.

453 2106 496 2145 ic.

76 2182 119 2236 En
135 2179 255 2235 Verbum
268 2179 376 2234 Domini
392 2186 470 2235 curat
485 2178 665 2235 medicauime
680 2177 768 2245 verbi,

77 2269 202 2340 Praecipit
212 2276 239 2324 et
253 2283 351 2323 sanum
366 2267 507 2339 proprium
521 2266 631 2339 portar'e
648 2267 804 2340 grabatum.

452 2372 496 2412 ac.

76 2443 212 2517 Principis
225 2452 254 2500 ut
273 2452 364 2509 putam
373 2398 452 2500 sanet
465 2443 509 2501 vel
524 2443 645 2513 suscitet,
663 2443 727 2498 ibat.

450 2547 495 2588 aa.

75 2621 195 2678 Furatur
211 2621 310 2677 mulier
325 2635 403 2676 sacra
417 2620 451 2678 de
461 2627 538 2677 veste
553 2618 678 2676 salutem.

450 2723 494 2764 ln.

76 2797 206 2855 Reddidit
221 2812 255 2854 en
270 2772 385 2869 s'tupidae
401 2798 533 2853 Dominus
541 2811 591 2853 sua
603 2795 697 2852 munia
711 2796 822 2852 deatroe.

76 2887 229 2943 Consilium
248 2886 339 2943 stolidi
352 2885 452 2944 iaciunt
467 2887 501 2943 de
510 2886 644 2961 sanguine
659 2885 769 2942 Christi.

454 2990 499 3031 sn.

75 3064 180 3122 Unicus
196 3063 328 3121 envidnoe
341 3062 486 3120 recivimus
502 3061 623 3119 redditur
630 3062 715 3120 orbas.

454 3166 499 3207 tu..

77 3241 251 3316 Ingeminant
263 3241 360 3314 plebes
373 3259 381 3310 ;
397 3256 490 3297 overe
500 3254 600 3312 magne
614 3239 772 3311 prophetes.

382 3362 385 3366 -
454 3343 498 3384 sn.

77 3418 220 3476 Saltratrix
233 3417 310 3490 petiit
325 3425 407 3489 caput
423 3417 626 3488 innocuumque
640 3414 744 3487 recepit
762 3433 769 3472 ε

76 3508 199 3564 lictores
214 3507 345 3564 fluvidum
357 3505 619 3578 linqnutincarcere
627 3513 769 3561 truncum.

457 3610 502 3651 st.

77 3684 198 3742 Panibus
213 3699 247 3738 ex
261 3683 360 3756 quinis,
377 3689 403 3740 ct
417 3682 537 3755 piscibus
551 3682 623 3737 band
637 3696 720 3754 mage
735 3678 816 3747 binis,

76 3776 118 3832 En
133 3773 272 3829 bominum
301 3773 380 3845 large
395 3780 548 3828 saturantur
562 3771 648 3827 millia
660 3769 791 3842 quinque.

456 3876 501 3917 Αι.

76 3951 199 4009 Christus
213 3965 291 4022 aquae
304 3949 403 4005 ssuctus
412 3950 512 4020 pressit
527 3947 644 4022 vestigia
662 3962 780 4022 gressu,

75 4044 110 4097 At
125 4038 189 4096 fidei
203 4039 315 4095 dubium
327 4046 455 4110 mergunt
466 4038 536 4094 rada
551 4037 661 4110 turgida
675 4038 795 4093 Petrum.

455 4141 500 4182 aa.

75 4217 264 4290 Hydropicum
276 4222 405 4288 tangente
420 4231 501 4271 manu
516 4232 577 4288 qnae
593 4222 690 4273 cuncta
703 4213 822 4283 crearit,

78 4306 199 4363 Pallidus
208 4307 307 4361 bumor
318 4305 383 4373 abit,
398 4304 483 4362 iacies
495 4313 522 4361 ct
534 4303 596 4361 laeta
606 4303 736 4361 rubescit.

453 4408 498 4449 Αι.

76 4486 152 4542 Ecce
166 4483 262 4540 decem
276 4481 412 4539 mundans
425 4482 527 4554 templo
542 4496 572 4538 se
585 4480 658 4539 ferre
672 4480 785 4553 Jubebat
801 4498 809 4548 3

77 4575 156 4632 Unus
170 4572 324 4647 regreditur
333 4579 422 4646 grates
435 4571 591 4643 persolvere
603 4573 678 4629 lesu.

454 4673 499 4716 ar..

76 4752 228 4808 Contentus
241 4766 342 4823 pueros
357 4750 431 4806 Deus
445 4758 487 4805 est
499 4749 662 4807 benedicere
676 4765 786 4822 perros,

77 4840 191 4897 Talibus
203 4848 284 4914 atque
297 4839 338 4896 sui
349 4838 480 4912 promittit
493 4838 593 4913 gaudia
608 4839 697 4913 regui.

535 284 547 300 ·
638 271 794 330 PICTURAE
812 271 900 330 tttsr.
921 271 1006 330 NOV.
1020 274 1116 331 rust.

1668 282 1724 340 als

892 399 920 461 A

1302 414 1346 454 in.

926 484 977 541 llic
991 485 1088 541 scribae
1102 487 1219 541 Domino
1235 485 1333 542 sistunt
1347 487 1500 545 incrimine
1516 497 1634 562 captam,

926 572 1015 645 Quam
1029 573 1152 645 placidus
1163 589 1263 633 censor
1276 576 1409 632 damnatis
1422 578 1503 635 solvit
1518 578 1633 635 eisdem.

926 769 968 824 Ex
982 768 1047 825 limo
1061 776 1171 841 reparat
1185 697 1421 844 quidquiiiiiatura
1438 773 1565 846 negabat,

926 855 979 927 Qui
993 856 1095 914 luteum
1109 857 1197 930 primo
1211 867 1297 915 totum
1311 861 1493 931 plasmaverat
1508 861 1607 917 Adam.

927 999 996 1069 (linc
1007 1015 1093 1073 usque
1103 1001 1137 1056 de
1145 1001 1294 1057 miraculis
1304 1003 1417 1059 Domini
1432 1005 1464 1057 in
1481 1001 1582 1058 dextro
1593 1003 1724 1075 pariete:

963 1087 994 1143 lit
1004 1104 1067 1144 vero
1077 1090 1108 1145 im
1117 1091 1212 1160 fronte
1220 1091 1399 1158 occidentali,
1415 1092 1447 1147 im
1457 1093 1548 1164 spatio
1558 1090 1726 1164 qnodrnpru

965 1177 1101 1234 tliromcm
1115 1178 1181 1249 cst.)

928 1298 1001 1358 Ecce
1016 1300 1088 1356 tubae
1102 1299 1246 1372 crepitant,
1262 1318 1323 1374 quaa
1338 1302 1433 1358 mortis
1445 1303 1508 1372 iura
1527 1303 1686 1375 resignant:

928 1388 1000 1444 Crux
1010 1388 1091 1445 udcnt
1106 1389 1230 1460 incaelis,
1246 1390 1334 1445 nubes
1349 1391 1479 1462 praecedit
1493 1391 1611 1465 etignis.

929 1549 991 1620 (llic
1001 1549 1089 1606 stiam
1099 1549 1197 1605 subtus
1216 1550 1435 1607 thronumintcr
1448 1551 1616 1625 paradisum
1629 1555 1658 1608 rt
1675 1551 1724 1608 m-

1267 1639 1407 1710 sernum.)

885 1755 914 1817 Β
929 1777 979 1835 llic
993 1777 1114 1834 resident
1132 1779 1229 1833 summi
1240 1779 1346 1835 Christo
1360 1779 1520 1849 cumjudice
1534 1779 1620 1835 sancti

927 1861 1077 1923 iustificare
1092 1866 1162 1937 pios,
1176 1867 1285 1923 baratro
1299 1869 1428 1924 damnare
1443 1868 1590 1941 malignos.

926 1993 1037 2060 (Passio
1046 1992 1160 2048 Domini
1173 1992 1205 2046 im
1219 1992 1336 2048 sinistro
1346 1993 1454 2063 pariete
1464 1992 1597 2048 stationis
1605 1990 1727 2065 populi.)

927 2114 998 2171 Esse
1012 2114 1064 2170 sibi
1078 2115 1187 2171 Patrem
1195 2115 1446 2171 Dominotractante
1454 2117 1614 2183 Tonantem,

928 2202 1010 2259 Plebs
1024 2202 1169 2259 furibunda
1184 2204 1259 2275 pium
1274 2210 1359 2259 certat
1371 2203 1492 2274 lapidare
1504 2203 1674 2277 magistrum.

1314 2306 1357 2346 ru.

929 2391 1034 2446 llortne
1045 2386 1187 2462 quatriduo
1202 2387 1290 2443 fetens
1300 2395 1327 2444 et
1341 2403 1455 2460 corpore
1465 2395 1533 2456 toto,

929 2479 1040 2546 Lauare,
1050 2494 1144 2551 surge,
1156 2476 1229 2543 veni,
1246 2484 1272 2532 ta
1287 2476 1366 2532 morti
1381 2476 1446 2533 tollo
1461 2477 1563 2549 rapaci.

1306 2588 1350 2629 in.

930 2663 1044 2722 Funeris
1059 2662 1219 2735 obsequium
1238 2661 1337 2718 mulier
1351 2662 1483 2734 prevenit
1496 2662 1621 2734 amicum,

930 2754 1002 2809 Dum
1016 2762 1098 2825 caput
1107 2761 1187 2824 atque
1199 2751 1285 2824 pedes
1300 2750 1511 2824 nardosperludit
1525 2753 1639 2809 honora.

1302 2855 1347 2895 tr.

930 2950 1101 3006 Mansuetinu
1115 2963 1212 3021 regem
1231 2947 1309 3018 plebs
1319 2946 1416 3004 devota
1430 2945 1583 3020 frequentat

932 3038 1054 3095 Prondca
1068 3052 1131 3094 cum
1145 3035 1224 3093 lestis
1238 3035 1356 3108 praeiens
1369 3035 1556 3109 comistanque
1570 3036 1687 3094 choreis.

1304 3147 1348 3188 tn.

925 3223 1052 3280 Dnurbis
1066 3221 1174 3279 miseran
1184 3221 1312 3296 dignatur
1326 3221 1393 3277 llere
1406 3220 1506 3277 ruinas

926 3310 995 3382 Quae
1004 3311 1130 3368 manibus
1144 3311 1237 3368 crudis
1246 3310 1337 3383 ipsum
1347 3309 1505 3383 discerpere
1522 3308 1615 3384 gestit.

895 3110 921 3172 C

1306 3413 1351 3454 tr..

926 3488 977 3546 llic
991 3488 1041 3544 snb
1055 3502 1138 3545 carne
1152 3487 1241 3543 latens
1255 3485 1341 3542 deitas
1356 3503 1406 3559 per
1423 3487 1503 3562 signa
1513 3488 1637 3560 patescit,

927 3580 998 3634 Dum
1011 3576 1103 3633 turbas
1111 3576 1200 3649 patria
1214 3574 1303 3648 llagro
1316 3576 1458 3647 proturbat
1468 3577 1504 3632 ab
1517 3577 1587 3633 aula.

1305 3678 1350 3719 nn.
1431 3710 1439 3721 .

884 3751 892 3762 ’
927 3756 970 3812 En
984 3752 1067 3811 ticum
1084 3752 1198 3808 viridem
1212 3751 1332 3808 sterilem
1348 3767 1489 3808 remanere
1500 3752 1624 3823 jubebat,

930 3844 1011 3915 Quod
1018 3841 1071 3899 sibi
1082 3842 1176 3914 jejuno
1190 3840 1307 3898 tractum
1320 3841 1445 3914 praebare
1459 3841 1588 3916 negabat.

1308 3961 1353 4004 tr..

931 4037 1067 4114 Agricola
1078 4051 1174 4094 servos
1187 4037 1324 4094 caedentes
1332 4035 1529 4094 vulneresravo

931 4130 996 4185 Post
1009 4137 1101 4184 natum
1109 4125 1355 4200 Domini-satagunt
1369 4125 1412 4183 hic
1422 4125 1530 4184 mittere
1545 4125 1637 4184 morti.

1312 4245 1356 4288 ar..

934 4322 1057 4380 Gentiles
1072 4321 1218 4378 Dominum
1237 4320 1348 4393 cupiunt
1364 4321 1420 4391 iam
1437 4337 1553 4378 cernere
1568 4319 1730 4377 Christum:

895 4472 923 4534 D
936 4411 1091 4484 Discipulos
1102 4411 1174 4468 idem
1184 4419 1301 4468 mortem
1314 4409 1436 4485 perterre
1452 4410 1577 4468 docebat.

1308 4539 1352 4580 rt.

922 4613 1176 4672 Ecccsacerdotum
1189 4612 1277 4684 primo
1291 4611 1441 4683 populique
1458 4609 1569 4668 nefandi

923 4702 1040 4760 latidum
1053 4702 1183 4759 famulum
1198 4717 1282 4758 censu
1297 4715 1474 4771 corrumpere
1488 4700 1619 4776 gandent.

1212 4834 1318 4892 Caetsrn
1332 4832 1448 4891 derant.
