3772 6112
58 286 114 343 sis
186 243 204 277 ³
543 282 699 342 senous
717 280 1048 342 commissam
1065 281 1229 340 tuisvrr.
1659 284 1710 338 sii

60 411 138 470 leum
152 410 227 484 quod
240 410 275 466 de
291 409 379 482 capite
393 409 591 479 vetateuierre,
602 405 904 468 humanitaschristiA
917 407 1044 464 ruminat.
1058 408 1127 463 Nam
1143 407 1263 464 camelus
1286 421 1334 462 eos
1355 405 1489 479 significat
1514 405 1570 476 qni,
1596 405 1713 462 scientes

61 509 115 572 est,
131 499 161 556 iii
177 515 231 573 qua
245 499 349 556 latebat
363 499 494 556 Divinitas
511 517 518 557 :
534 499 563 556 in
579 500 687 556 duabus
702 499 776 556 euim
788 508 868 556 natu·
916 496 1026 552 Domini
1040 495 1140 569 legem,
1157 495 1284 553 oneribus
1298 495 1391 551 saeculi
1406 510 1436 550 se
1456 493 1585 562 subdunt,
1611 500 1638 549 et
1661 493 1713 549 dis

63 589 105 647 ris
119 605 204 645 unum
212 587 374 647 confitemur
382 588 529 645 Christum.
541 610 553 641 ι
564 590 601 645 tit
609 589 771 646 vestimenta
784 590 867 647 nolite
917 586 1067 642 cretionem
1080 601 1136 642 non
1146 593 1305 658 sequuntur,
1321 583 1451 641 contrarii
1459 582 1713 655 Apostolodiceuti:

64 677 204 745 scindere,
222 697 234 729 a
250 677 279 734 id
295 685 336 735 est
351 679 483 735 Ecclesiae
490 678 631 735 unitatem.
651 680 800 750 »Etsuper
812 694 868 735 om·
920 695 931 727 ι
948 675 1037 731 Nemo
1051 674 1169 731 militans
1182 676 1241 731 Deo
1255 673 1376 745 implicet
1390 689 1421 728 se
1439 672 1557 746 negotiis
1572 669 1714 727 saeculsri·

62 783 129 826 nem
139 774 250 834 coetuin,
270 775 320 824 iet
343 766 459 840 reliqua.
476 767 554 840 Saepe
570 784 619 840 pro
635 769 756 841 peccatis
771 768 868 841 praela·
917 763 969 821 bus
983 765 994 837 (
1006 764 1033 821 ll
1048 765 1116 822 lim.
1134 763 1174 834 ιι).
1193 783 1205 814 ι
1222 761 1427 836 Chaerogrillus,
1448 759 1548 816 animal
1563 760 1712 832 spinosum,

63 863 156 914 torum
170 856 199 913 in
213 856 353 926 subjectos
368 855 407 912 ira
430 866 605 928 provocatur.
621 859 757 914 »Fratres
784 857 868 915 vestri
917 853 1005 923 majus
1020 868 1102 925 quam
1116 852 1225 920 ericius,
1238 852 1348 907 tardum
1361 850 1481 923 quidem,
1500 849 1549 905 sed
1576 864 1661 919 rapax
1689 854 1718 904 et

64 944 198 1020 plangant
210 944 375 1013 incendium,
385 965 397 996 ι
407 946 557 1018 etreliqua.
577 946 868 1019 Compassiohabende
917 941 1040 1012 bestiale,
1055 949 1082 998 et
1096 957 1144 998 eos
1158 940 1285 1014 designat
1296 939 1352 1013 qui,
1369 939 1493 1011 quamvis
1507 937 1644 995 modicam
1666 937 1716 992 ba·

66 1041 109 1092 est
118 1041 232 1107 propter
241 1033 427 1107 aequalitatem
442 1043 556 1104 naturae,
582 1051 637 1092 non
651 1043 741 1093 tantm
755 1044 869 1108 propter
917 1030 1001 1087 beant
1014 1030 1200 1102 capacitatem,
1218 1037 1305 1085 totum
1330 1028 1403 1100 quod
1425 1027 1580 1100 intelligunt
1602 1026 1630 1081 in
1653 1040 1716 1082 ms-

66 1137 129 1180 esm
144 1123 217 1196 quod
231 1122 318 1194 majus
330 1130 372 1179 est
392 1123 559 1181 violandum.
579 1144 591 1176 i
612 1123 711 1182 Vinum
735 1134 763 1183 et
786 1141 867 1183 omne
917 1118 974 1176 luin
988 1127 1103 1176 vertunt.
1120 1119 1209 1191 Lepus
1232 1127 1274 1174 est
1294 1117 1394 1172 annual
1416 1117 1495 1173 velox
1517 1124 1545 1172 et
1566 1114 1713 1171 timidum:

66 1211 142 1286 quod
156 1211 292 1269 inebriare
303 1218 416 1285 postest,
431 1234 443 1264 ι
461 1220 487 1269 et
501 1212 617 1286 reliqua.
634 1213 675 1269 llli
684 1221 808 1286 ternpore
817 1214 868 1270 mi·
918 1207 1008 1281 signat
1021 1215 1162 1279 promptos
1175 1206 1210 1263 ad
1223 1207 1335 1272 malum,
1352 1207 1388 1262 ad
1402 1206 1503 1262 bonum
1526 1212 1617 1261 autem
1643 1201 1715 1258 dilli-

65 1299 174 1357 nistcrii
188 1315 205 1356 a
219 1300 324 1373 poculis
339 1301 527 1374 probibentur,
544 1302 623 1358 nobis
638 1319 776 1376 utinquam
800 1303 867 1359 sub-
918 1297 994 1364 ciles,
1011 1297 1080 1353 sicut
1093 1296 1189 1363 ludaei,
1201 1296 1236 1351 ad
1252 1296 1390 1352 Christum
1410 1294 1591 1352 occidendum
1612 1291 1713 1364 parati,

66 1388 147 1461 ripiat
162 1389 292 1457 ebrietes,
309 1390 374 1462 quia
388 1390 499 1447 assidue
513 1391 645 1448 insaucia
660 1392 868 1449 conversatione
918 1385 954 1442 ad
965 1385 1180 1458 resipiscendum
1195 1393 1271 1441 erant
1292 1383 1444 1441 meticulosi
1468 1385 1532 1439 dum
1560 1382 1689 1438 dicebant
1704 1395 1712 1437 z

65 1468 215 1551 persistere
236 1478 405 1535 debemus«
431 1480 466 1537 tii
487 1480 610 1536 habeatis
631 1481 784 1548 scientiam,
804 1503 815 1532 ι
841 1487 869 1538 et
920 1475 975 1531 «Si
988 1475 1148 1531 dimittimus
1159 1491 1231 1541 eum,
1241 1474 1280 1530 sic
1290 1473 1399 1530 venient
1408 1472 1523 1529 Romani
1533 1473 1625 1544 (Ioco.
1637 1469 1712 1541 xi),»

67 1567 183 1640 reliqna,
199 1567 227 1623 id
243 1576 294 1635 est,
310 1568 394 1624 nolite
409 1568 520 1642 gravari
534 1569 656 1641 crapula,
672 1571 868 1628 utdisoernen-
918 1571 970 1621 etc.
990 1564 1074 1622 «Illic
1088 1564 1290 1636 trepidaverunt
1305 1563 1402 1618 timore
1416 1561 1462 1618 ubi
1481 1577 1536 1617 non
1558 1568 1616 1617 erat
1632 1559 1716 1615 timor

68 1655 97 1711 di
110 1654 181 1711 inter
192 1656 295 1727 justum
311 1662 338 1713 et
360 1657 500 1726 injustum,
527 1655 619 1715 fictum
641 1666 668 1714 et
686 1676 791 1728 verum,
816 1660 868 1716 ha·
918 1652 1005 1725 (Paul.
1021 1654 1080 1725 ιιι).
1099 1674 1111 1704 ι
1129 1653 1191 1721 Sus,
1207 1669 1262 1709 non
1275 1653 1425 1720 ruminans,
1450 1651 1499 1707 sed
1523 1647 1653 1723 ungulam
1672 1646 1714 1701 di·

67 1743 158 1801 beatis
173 1760 234 1801 curu
246 1746 320 1815 Justo
341 1745 444 1816 judicio
459 1744 608 1802 scientiam.
628 1749 773 1820 Apostolus
791 1763 904 1825 nam-B
919 1741 1026 1812 videns,
1041 1758 1136 1798 eorum
1151 1750 1244 1814 typum
1259 1750 1333 1798 tenet
1347 1740 1403 1813 qui,
1421 1740 1510 1813 legem
1537 1735 1646 1794 Domini
1659 1750 1716 1792 non

71 1842 242 1906 quemcnet:
257 1834 370 1891 «Nolite
378 1835 508 1890 inebriari
518 1835 592 1903 vino,
601 1843 653 1893 etc.
666 1837 778 1911 (pres.
792 1837 822 1910 ιι)
834 1857 841 1906 ;
855 1859 867 1891 i
918 1838 1079 1898 scrutantes,
1095 1831 1177 1888 vitam
1191 1831 1294 1888 ducunt
1308 1829 1484 1885 immundam.
1503 1849 1515 1879 i
1532 1828 1634 1882 Horum
1648 1840 1713 1882 car·

68 1921 97 1978 in
107 1937 161 1996 quc
176 1922 338 1997 intelligitur
353 1924 547 1981 necessitatem
570 1925 694 1997 corporis
713 1942 768 1983 non
792 1927 871 1984 abdi„
918 1920 999 1977 nibus
1014 1937 1069 1976 nori
1083 1919 1242 1986 vescemini,
1260 1940 1272 1970 ι
1289 1926 1315 1975 et
1329 1918 1444 1990 reliqua.
1457 1919 1497 1973 Ac
1507 1916 1530 1972 si
1544 1915 1713 1988 proclamet:

70 2024 143 2082 mre,
161 2011 208 2084 qui
222 2011 363 2069 Timotheo
377 2012 461 2069 dicit:
476 2035 487 2064 ι
500 2013 607 2071 Modico
617 2014 681 2071 vino
691 2022 775 2083 utere,
789 2037 801 2070 ι
814 2023 867 2074 etc.
918 2009 1022 2066 Talium
1035 2008 1175 2064 simulatas
1188 2009 1303 2065 virtutes
1318 2023 1372 2063 non
1386 2006 1529 2061 imitamini
1545 2012 1572 2061 et
1587 2003 1716 2075 operibus

69 2099 156 2173 (Tim.
166 2099 206 2172 v),
223 2101 272 2157 sed
287 2101 455 2168 ebrietatem,
472 2118 533 2175 quae
550 2103 689 2160 homiuem
703 2113 811 2162 mortuo
826 2105 870 2163 vel
918 2098 1000 2153 morti
1014 2097 1138 2154 obnoxiis
1153 2114 1207 2153 nou
1223 2096 1439 2154 communicetis.
1458 2117 1469 2146 ι
1488 2094 1575 2151 Omne
1584 2092 1658 2166 quod
1667 2093 1715 2147 ha·

69 2189 171 2245 amenti
186 2188 302 2245 similem
318 2189 392 2257 iacit,
410 2191 473 2263 quia
485 2213 497 2243 ι
511 2192 603 2249 vinum
628 2201 781 2264 apotastare
806 2192 871 2250 facit
920 2186 966 2242 bet
978 2187 1106 2258 pinnulas
1120 2193 1147 2241 et
1162 2201 1289 2258 squamas
1304 2184 1464 2241 comedetis.
1484 2204 1495 2233 ι
1513 2182 1644 2252 Quicum
1667 2196 1715 2237 re·

69 2277 152 2334 etiam
167 2279 308 2350 sapientes
322 2279 421 2352 (Ducti.
438 2281 512 2352 ιιιιι).
532 2303 543 2333 ι
562 2280 871 2350 «Quaelocutusestad
918 2275 973 2330 nati
988 2273 1017 2330 in
1038 2274 1186 2346 basptismo
1210 2272 1348 2330 coelestem
1372 2279 1513 2328 sectantur
1531 2268 1718 2328 conversatio·

70 2381 118 2423 eos
132 2383 184 2439 per
197 2382 310 2423 mautnii
325 2367 422 2443 lloysi.
441 2390 453 2420 ι
471 2369 602 2426 Dominus
617 2371 689 2427 enim
711 2372 821 2429 monuit
843 2381 871 2430 et
919 2380 992 2434 nem,
1008 2371 1151 2420 ettantum
1178 2361 1328 2420 levioribus
1351 2360 1472 2433 peccatis
1486 2367 1598 2431 propter
1611 2356 1717 2431 fragili·

69 2455 211 2529 praecepit,
227 2457 336 2529 Moyses
353 2457 497 2514 scribendo
512 2458 723 2523 transfudit3sic
737 2461 870 2518 ethacte·
918 2459 1001 2508 ¹⁸10OE
1015 2453 1107 2509 carnis
1128 2451 1311 2522 involvuntur,
1339 2466 1435 2507 eorum
1459 2448 1583 2520 exempla
1618 2461 1718 2519 sequa·

71 2559 123 2600 nus
139 2543 237 2611 sancti,
253 2562 314 2617 quae
328 2545 400 2601 intus
415 2546 517 2618 Spiritu
528 2548 665 2605 revelante
679 2550 868 2623 cognoverint,
918 2541 986 2597 mini
1002 2560 1009 2610 ;
1025 2542 1072 2614 qui
1086 2541 1129 2597 his
1143 2556 1198 2597 non
1213 2547 1332 2610 utuntur,
1349 2540 1399 2594 sed
1409 2537 1582 2612 gravioribus
1603 2535 1718 2606 subjecti

70 2632 137 2690 ioris
153 2632 298 2690 scribendo
312 2634 346 2690 ad
362 2633 508 2691 multomm
529 2636 669 2693 utilitatem
684 2638 869 2711 pr0mutgant,
920 2638 983 2686 sunt
996 2630 1126 2704 peccatis,
1140 2638 1167 2687 et
1176 2645 1297 2703 superna
1310 2636 1439 2703 appetere
1446 2627 1581 2696 nesciunt,
1591 2624 1719 2697 rejician-

70 2721 204 2795 Priecepit
217 2720 280 2779 liliis
294 2725 398 2792 Aaron,
410 2723 438 2780 id
452 2733 493 2782 est
503 2725 672 2797 doctoribus,
689 2735 717 2782 ut
731 2736 873 2785 assumant
919 2726 977 2776 tur·

71 2811 202 2884 mysteria
229 2828 289 2884 quae
318 2823 508 2869 remanserunt
536 2815 571 2871 de
602 2814 735 2872 sacrificio
758 2816 786 2871 in
810 2816 872 2874 loco

71 2909 173 2958 sanctae
186 2900 319 2958 Ecclesiae
330 2901 409 2972 juxta
424 2902 520 2973 altare,
537 2903 565 2958 in
587 2905 720 2960 memoria
734 2905 872 2977 passionis

69 2989 181 3060 Christi,
199 2997 262 3058 etc,
278 2999 415 3063 utsupra.
432 2990 617 3059 Filiiethliae,
635 2992 663 3049 id
688 3001 729 3051 est
750 2992 821 3050 firmi
845 3002 872 3051 et

69 3077 173 3134 infirmi
197 3079 293 3136 eadem
317 3079 531 3138 sanctificatione
562 3083 678 3139 salvent.
704 3084 803 3141 llircus
826 3101 872 3157 qut

958 2863 970 2895 i
988 2843 1195 2915 llaecsuntquae
1205 2842 1239 2899 de
1249 2842 1345 2899 avibus
1356 2840 1718 2900 comederenondebetis.»

919 2931 983 2988 Nou
997 2932 1033 2987 ita
1047 2931 1082 2988 de
1101 2930 1196 2987 avibus
1218 2931 1334 2988 vitandis
1358 2932 1504 3004 quamdam
1527 2931 1721 2989 discretionem

920 3020 1060 3092 proposuit
1075 3020 1144 3078 sicut
1159 3022 1194 3077 de
1209 3020 1408 3091 superioribus,
1425 3022 1474 3078 sed
1487 3021 1649 3078 nominatim
1672 3037 1719 3078 ex·

564 3169 570 3181 ,
647 3172 653 3183 ,
886 3110 1032 3193 Cpressit,
1049 3110 1111 3181 quia
1125 3110 1203 3165 inulti
1218 3109 1358 3167 coelestem
1372 3111 1519 3166 metiuntur
1534 3109 1720 3168 conversatio·

70 3166 179 3224 oblatus
193 3176 235 3225 est
248 3183 298 3240 pro
313 3178 427 3240 peccato
442 3177 553 3226 exustus
563 3179 707 3237 invenitur,
724 3172 788 3228 dum
803 3188 871 3243 pec-
923 3215 997 3269 nem,
1009 3208 1035 3255 e,
1053 3199 1116 3255 ideo
1128 3199 1158 3254 in
1172 3200 1468 3274 ,ariiscognoseumur
1482 3200 1635 3272 speciebus·
1652 3199 1724 3272 Gry,

70 3264 159 3326 0⁸‘0l2
181 3257 245 3359 dff¹¹¹¹
269 3274 334 3314 Vim
353 3258 488 3359 poenioels
509 3259 538 3359 1¹}
559 3268 733 3331 pe⁰⁰¹²i⁰s¹¹¹¹¹
746 3277 873 3362 ,⁸¹¹⁰fflm
924 3288 993 3360 phes
1007 3287 1108 3343 animal
1123 3296 1164 3344 est
1178 3297 1328 3360 pennatum
1338 3298 1365 3345 et
1381 3290 1536 3362 quadmpes
1552 3306 1559 3346 :
1575 3292 1628 3346 hoc
1638 3305 1725 3364 genus

70 3353 150 3418 9⁰⁸¹ss
164 3344 263 3445 simmia
280 3347 314 3402 de
329 3364 446 3420 <llmlum
459 3356 569 3404 ”nemu
585 3350 649 3449 ‘ium
674 3351 805 3406 D⁰m¹¹¹¹¹⁸
820 3351 873 3407 ‘¹⁰'
924 3375 1045 3432 ferarum
1059 3377 1087 3434 in
1103 3377 1282 3448 hyperboreis
1297 3378 1419 3434 nascitur
1434 3380 1582 3449 montibus,
1594 3379 1727 3452 quiparte

71 3442 164 3493 ctores
177 3443 310 3506 increpat,
326 3453 378 3506 ipsi
393 3437 490 3493 dicunt
506 3455 513 3492 :
530 3436 671 3494 Manifesta
685 3454 780 3495 coram
794 3439 873 3495 nobis
923 3466 1049 3537 corpori,
1070 3465 1165 3522 peones
1189 3475 1261 3532 sum,
1283 3466 1334 3521 ΕΗΒ
1357 3476 1384 3522 ey
1397 3466 1468 3524 facie
1490 3468 1586 3540 aquilis
1608 3467 1724 3536 similes,

71 3523 232 3623 inpfmfis
247 3523 413 3593 ⁰e⁶ides¹¹¹¹¹³
440 3525 544 3609 id⁰i¹⁶⁰⁰
567 3525 754 3597 poenstemim
778 3544 874 3584 ⁰⁰mm
924 3555 1001 3627 equis
1024 3556 1201 3611 vehementer
1223 3553 1337 3610 infesti:
1360 3556 1485 3611 homines
1516 3557 1591 3612 visos
1618 3557 1727 3613 discer-

71 3628 213 3712 ⁸usviiere
228 3629 284 3668 non
296 3614 433 3712 soluimus
452 3633 460 3682 ι
477 3615 542 3687 qua
557 3615 668 3689 sanguis
687 3631 741 3715 ηοξ]
752 3624 793 3672 est
811 3616 874 3672 1¹¹⁸·
923 3652 1000 3715 punt.
1017 3643 1174 3714 uauaeeius,
1191 3643 1289 3698 sinitis
1307 3644 1416 3716 iquuae,
1439 3645 1527 3714 major
1548 3645 1617 3715 ivis,
1634 3653 1728 3702 nmen

71 3707 117 3800 Ψ
129 3717 159 3800 fn
173 3708 276 3768 Μαι
294 3702 321 3801 {d
337 3709 378 3758 θεῖ
397 3711 450 3759 ”²³
463 3719 571 3803 ,mmm
587 3705 628 3804 ‚⁸4
652 3703 799 3804 qufflufn
819 3721 874 3762 ”⁰¹¹
923 3733 1015 3788 minor
1029 3732 1144 3788 vulture.
1161 3732 1260 3804 Aquila
1274 3741 1363 3787 autern
1379 3740 1406 3788 et
1425 3735 1546 3807 gryphes
1561 3741 1588 3790 et
1612 3732 1726 3789 haliaee·

71 3788 259 3846 inchnabatur.
276 3791 376 3863 Sicque
391 3793 522 3847 Dominus
538 3801 634 3864 recipit
646 3792 870 3863 satisfactionem,
924 3829 978 3890 tus,
994 3821 1021 3876 id
1035 3829 1087 3893 est,
1103 3821 1228 3893 quamvis
1241 3821 1343 3892 volem,
1359 3830 1450 3878 tamen
1472 3821 1614 3894 rapacitati
1633 3821 1729 3879 deser.

72 3893 131 3979 ΠΨ
145 3878 218 3979 qm,
232 3879 338 3978 ¹ae¹⁰⁸f¹r
351 3880 547 3980 inP‘j'sdffiffie
563 3881 707 3952 malms
725 3883 774 3940 ⁸ed
800 3883 874 3959 ΨΜ
924 3910 999 3967 vium
1015 3929 1023 3977 ;
1040 3909 1080 3966 sic
1095 3910 1206 3981 quidam
1221 3910 1381 3967 simulantes
1397 3928 1427 3968 se
1441 3910 1470 3968 in
1498 3910 1727 3983 contemplatione

75 3966 162 4042 &3⁰³
176 3984 234 4078 Ψ
249 3967 329 4026 s⁸⁰t¹⁸
339 3976 483 4042 rempum‘·
924 3998 1027 4066 vivere,
1044 3997 1149 4055 lucrum
1159 4007 1289 4072 appetunt
1296 4000 1456 4073 iniquitatis.
1468 4001 1565 4058 Vultur
1578 4008 1726 4075 strageoc·

386 4125 500 4182 CAPUT
519 4125 559 4182 XI
924 4087 1045 4145 cisorum
1059 4087 1218 4155 delectatur,
1231 4098 1257 4145 et
1272 4090 1456 4164 eosdesignat
1466 4090 1513 4163 qui
1523 4090 1725 4148 discordiasse·

561 4167 568 4180 '
923 4177 1027 4232 minant
1041 4184 1069 4233 et
1089 4178 1308 4235 contentionibus
1332 4179 1499 4237 deserviunt.
1523 4180 1621 4237 llilviis
1648 4177 1725 4237 eirca

112 4286 124 4318 i
142 4263 231 4324 Omna
245 4266 318 4338 quod
333 4267 415 4323 habet
428 4267 543 4324 divisam
558 4275 698 4342 ungutam,
714 4274 742 4325 et
757 4268 875 4327 ruminat
924 4263 1023 4321 domus
1036 4267 1160 4337 praedam
1174 4267 1240 4341 agit,
1257 4284 1352 4324 corum
1368 4277 1460 4341 typum
1476 4276 1571 4326 tenens
1588 4267 1659 4341 iqui
1674 4267 1724 4324 cir·

71 4353 102 4410 in
116 4355 273 4427 pecoribus,
291 4356 451 4412 comedetis.
471 4377 482 4407 ι
501 4355 688 4426 Quaerendum
701 4372 750 4414 cur
764 4358 875 4430 aliquod
924 4355 1721 4429 cumeuutdomus,ctcaptivasducuntmnlierculasouers·

73 4443 244 4500 immundum
254 4445 402 4502 decemaut
411 4460 473 4501 cum
482 4445 618 4501 iuGeuesi
626 4446 732 4502 dicatur
743 4465 750 4503 :
765 4447 874 4503 «Erant
925 4445 1211 4514 laspeccatisffllim.
1224 4446 1277 4517 ιιι).
1286 4467 1298 4499 ι
1307 4446 1446 4502 Corvusin
1458 4462 1559 4519 genere
1573 4462 1622 4502 suo
1634 4446 1725 4521 nigre-

73 4532 261 4590 ciinctevalde
273 4533 434 4606 benamesi.
447 4534 479 4606 t),
493 4556 505 4586 ι
518 4543 545 4590 et
558 4536 591 4590 ad
600 4536 660 4590 Noe
669 4536 801 4593 Dominus
812 4544 874 4608 post
885 4492 1014 4589 I)diuem
1023 4532 1173 4589 infidelium
1183 4534 1342 4606 inpeccatis
1355 4535 1491 4609 designat.
1512 4535 1643 4604 struthio,
1657 4551 1722 4607 pen·

73 4620 270 4693 cataclysmum
285 4621 350 4678 dicit
366 4640 373 4678 :
392 4644 404 4674 i
420 4623 507 4678 Erunt
521 4623 613 4680 omnia
627 4623 705 4680 vobis
729 4624 758 4680 in
781 4625 873 4682 cibum
919 4624 1626 4698 nsshabens,nonvolat,eteosdesignat'quispecie
1641 4631 1721 4682 lenus

73 4710 155 4783 quasi
169 4711 243 4767 olera
258 4710 382 4767 virentia.
398 4712 479 4784 (Gen.
496 4712 548 4782 ιι).
568 4734 580 4764 ι
596 4712 658 4768 Νοιι
677 4713 749 4770 enim
763 4723 874 4787 propter
921 4710 1156 4768 bonamsimulaut
1163 4712 1309 4780 actionem,
1319 4721 1345 4768 et
1353 4722 1444 4769 tamen
1455 4715 1573 4770 terrenis
1586 4713 1721 4771 inhaerent

72 4798 276 4855 immunditiam
290 4808 423 4857 creaturae
447 4801 574 4873 quasdam
594 4801 739 4873 prohibuit,
763 4803 813 4859 sed
838 4802 874 4859 ob
923 4798 1077 4856 desideriis.
1088 4800 1268 4872 Noctisque
1278 4800 1305 4855 in
1315 4800 1434 4857 tenebris
1442 4801 1515 4858 clare
1523 4803 1721 4875 viderepotest,

73 4886 227 4945 doctrinam
242 4905 322 4962 quam
333 4888 361 4944 in
374 4889 418 4945 his
428 4888 523 4961 figuris
537 4890 615 4947 nobis
630 4892 787 4951 reservavit.
805 4890 874 4949 Om·
923 4905 978 4945 non
989 4896 1147 4945 autemorto
1157 4889 1225 4955 sola,
1239 4889 1343 4946 sicuthi
1352 4889 1398 4962 qui
1406 4890 1550 4948 manifeste
1564 4899 1680 4963 peccant
1694 4899 1722 4949 et

73 4975 119 5032 nis
134 4977 207 5033 enim
222 4977 268 5050 qui
283 4978 413 5053 ungulam
427 4977 514 5047 findit,
530 4979 557 5034 id
572 4989 611 5036 est
633 4997 696 5037 eum
711 4981 874 5039 discretione
923 4978 1066 5051 Evangelii
1081 4978 1172 5034 lumen
1186 4978 1312 5049 accipere
1326 4979 1461 5036 nesciunt.
1471 4981 1557 5037 Larus
1568 4988 1594 5037 et
1604 4981 1632 5037 iii
1642 4982 1722 5056 aquis

75 5064 244 5138 Scripturem
261 5075 382 5124 sanctam
399 5068 535 5142 intelligit,
551 5076 580 5124 ut
596 5066 662 5126 sciat
672 5070 818 5144 mysticum
827 5088 875 5129 se·
924 5074 1038 5123 elexlrs
1052 5083 1149 5139 aquam
1162 5077 1350 5136 contemtus,
1367 5084 1415 5126 e⁰s
1429 5070 1579 5144 designant
1602 5071 1649 5144 (tui
1673 5071 1722 5130 bt·

72 5169 173 5227 parare
189 5141 301 5212 sensum
316 5173 332 5211 a
345 5155 445 5224 littera,
461 5157 531 5214 sicut
541 5159 667 5216 Jeremiae
680 5158 781 5216 dicitur
797 5178 804 5218 :
822 5182 834 5213 ι
847 5160 876 5218 st
924 5157 1022 5228 ptisma
1037 5165 1063 5213 et
1077 5157 1314 5214 circumcisionem
1328 5175 1406 5231 aeque
1419 5159 1565 5231 accipiunt.
1582 5161 1720 5234 Accipiter

72 5242 247 5316 separaveris
260 5243 411 5316 pretiosum
425 5258 442 5301 a
465 5245 522 5312 vili,
546 5246 624 5318 quasi
650 5261 681 5303 os
705 5264 798 5304 meum
822 5247 875 5304 eris
922 5244 998 5315 juxta
1011 5262 1099 5319 genus
1113 5262 1203 5313 suum,
1219 5246 1297 5316 cujus
1316 5263 1416 5319 genera
1430 5249 1532 5305 Plinius
1546 5250 1667 5308 sedecim
1681 5248 1724 5306 di·

75 5329 146 5404 (ler.
162 5333 223 5406 xv).
242 5353 254 5383 i
269 5334 304 5388 Et
319 5331 365 5404 qui
380 5333 506 5405 ruminat,
523 5334 550 5390 id
565 5344 606 5390 est
628 5335 675 5408 qui
689 5337 800 5393 assidue
814 5353 875 5393 me·
925 5334 972 5402 cit,
989 5335 1034 5407 qui
1049 5334 1222 5392 mansuefieri
1238 5336 1317 5403 solet,
1334 5336 1382 5392 sed
1397 5337 1499 5409 rapinis
1509 5341 1621 5411 gaudet,
1633 5339 1722 5396 etillis

73 5419 176 5478 ditatur
190 5421 218 5476 in
232 5420 295 5494 lege
311 5422 430 5490 Domini,
446 5423 528 5493 hujus
538 5424 667 5480 utendum
676 5433 718 5481 est
732 5425 874 5498 exemplis.
925 5423 1091 5480 assimilatur
1106 5444 1118 5476 ι
1134 5424 1192 5496 qui,
1208 5424 1278 5481 sicut
1292 5426 1424 5483 Domitius
1446 5428 1511 5485 dicit
1526 5427 1636 5500 (datto.
1659 5426 1719 5498 vti),

74 5507 129 5580 Qui
142 5517 233 5566 autem
247 5510 363 5566 ruminat
378 5519 405 5567 et
419 5511 550 5583 ungulam
572 5529 628 5568 non
652 5513 756 5582 dividit,
779 5514 808 5570 id
835 5522 876 5571 est
925 5513 1037 5569 scniuut
1059 5513 1278 5570 investimentis
1301 5514 1413 5584 ovium,
1436 5516 1599 5573 intrinsecus
1629 5522 1721 5571 autern

75 5598 122 5672 qui
137 5598 203 5656 facit
217 5598 327 5656 Domini
340 5599 507 5658 voluntatem
522 5607 548 5658 et
561 5602 631 5660 beue
650 5618 705 5658 nou
733 5603 874 5675 discernit,
926 5610 988 5679 satit¹
1000 5601 1056 5672 lupi
1067 5617 1190 5674 rapaces.
1206 5623 1217 5655 i
1230 5603 1316 5672 Bubo,
1326 5612 1355 5660 ut
1369 5605 1471 5661 Plinius
1479 5603 1553 5673 dicit,
1568 5619 1596 5659 in
1609 5602 1727 5659 urbibus·

72 5687 241 5761 rejiciendus
256 5695 299 5746 est
315 5704 322 5747 :
339 5689 465 5748 shniliter
476 5691 523 5765 qui
536 5689 669 5765 ungulam
687 5689 765 5750 findit
778 5700 806 5751 et
820 5707 878 5751 non
924 5697 1095 5758 automninc
1108 5697 1213 5759 inlice
1228 5700 1314 5772 vistis,
1330 5699 1421 5758 dirim
1442 5707 1583 5758 ostensum
1606 5707 1658 5774 est,
1674 5701 1723 5775 qui
