3772 6112
144 194 198 286 'fos
384 226 587 285 WALhFlllDl
602 227 724 284 suntsi
739 227 840 284 FULD.
855 226 943 285 MON.
954 225 1032 284 OPP.
1048 226 1136 285 Palas
1150 227 1171 283 1.
1186 255 1220 269 -
1234 223 1471 283 rasolooica.
1745 228 1798 284 800

141 366 197 411 uon
211 350 361 424 perficitur,
372 352 437 423 quia
450 353 523 424 quod
536 352 627 408 lacere
641 368 695 408 non
705 367 861 423 possumus,
872 351 979 413 velleA
993 352 1036 407 his
1049 352 1167 424 peractis
1181 366 1255 407 mors
1269 365 1330 407 eam
1345 358 1535 407 momentanea
1556 348 1681 423 suscepit
1693 357 1725 406 ut
1744 350 1799 407 bu-

145 441 288 499 debemus.
304 441 377 495 Thus
391 450 481 496 autern
502 448 587 496 totum
612 442 772 508 incenditur,
799 441 862 513 quia
886 442 944 498 siue
991 443 1036 512 jus
1050 441 1173 497 mortalis
1189 442 1251 496 vitm
1266 456 1326 496 eam
1342 448 1452 496 exueret
1467 439 1606 512 qualitate.
1632 439 1715 497 Unde
1737 455 1799 497 cum

145 529 347 586 intermissione
362 530 495 585 orandum
510 538 560 599 est,
578 538 606 586 ut
620 530 746 586 videlicet
760 531 852 587 omnia
866 546 944 602 quae-
994 529 1074 586 luerit
1087 528 1291 600 disputandum,
1307 528 1397 584 simila
1419 529 1481 584 oleo
1504 536 1716 601 conspergatur,
1738 544 1797 586 ma·

147 634 255 691 cunque
271 618 395 688 iacimus,
412 619 439 673 in
454 620 564 674 nomine
578 619 686 674 Domini
700 619 842 676 iaciamus.
863 618 944 676 Poni-

145 715 190 764 tur
205 707 384 781 [memoriale]
400 723 482 778 super
496 707 590 778 altare,
602 709 637 763 ob
651 708 811 765 memoriam
823 709 944 764 Domini·

144 809 185 854 σε
208 796 417 864 incarnationis,
442 804 471 851 ut
495 798 699 869 supradictum
724 807 775 854 est.
800 797 944 870 Reliquum

146 885 333 941 sacerdotibus
348 885 437 941 datur.
453 885 521 942 lluio
537 887 685 942 concordat
703 886 777 959 quod
790 886 944 960 fragmenta

143 989 204 1046 quaa
227 974 314 1028 turbis
338 973 545 1046 superfuerant,
567 976 683 1046 apostoli
707 976 892 1049 collegerunt,
915 983 944 1032 ut

144 1077 205 1134 quae
218 1061 340 1118 minores
354 1063 508 1137 intelligere
524 1079 580 1120 non
599 1063 700 1136 valent,
724 1064 874 1135 majoribus
894 1080 943 1121 su·

142 1150 244 1207 menda
258 1160 412 1208 reservent.

180 1295 192 1326 ι
210 1275 278 1331 Cum
293 1283 384 1332 autem
400 1276 532 1333 obtuleris
547 1275 710 1334 sacrificium
725 1285 833 1334 coctum
846 1277 876 1332 in
891 1277 942 1334 cli-

142 1362 223 1433 bano,
239 1365 274 1420 de
289 1365 385 1432 cunila,
398 1381 482 1437 panes
497 1365 600 1423 scilicet
615 1367 719 1438 absque
734 1366 867 1423 fermento
882 1382 944 1423 con·

143 1467 255 1524 sparsos
269 1453 341 1510 oleo.
357 1475 368 1504 s
386 1454 514 1510 Clibanus
528 1464 622 1511 uterus
638 1448 678 1511 εει
693 1454 823 1528 Virginis,
835 1455 883 1510 ubi
897 1470 944 1526 pa·

141 1556 184 1596 ms
199 1542 245 1613 qui
260 1543 294 1599 de
309 1542 378 1598 coelo
393 1544 535 1600 descendit
549 1545 634 1601 sancti
654 1545 769 1615 Spiritus
784 1544 943 1615 operatione

142 1629 401 1703 nobispraeparatus
412 1641 453 1687 est
463 1634 497 1689 ad
509 1633 634 1690 salutem.
656 1634 727 1689 Dum
737 1633 771 1688 de
782 1634 940 1701 histractes‚

142 1717 178 1775 de
193 1719 282 1775 simila
294 1736 390 1792 panes,

143 1813 198 1864 tem
213 1808 324 1878 adhibe,
340 1809 445 1882 absque
467 1809 609 1879 fermento,
636 1811 663 1864 id
686 1819 736 1874 est,
762 1811 821 1866 sine
842 1812 945 1866 erroris

143 1896 336 1953 amaritudine.
350 1899 428 1955 Unde
438 1899 571 1953 Dominus
586 1899 670 1955 dicit:
684 1899 845 1955 «Attendite
867 1899 945 1955 vobis

143 1983 309 2041 clermonto
324 1987 525 2042 Pharisaeorum
539 1988 650 2057 (ιιειιι.
667 1988 739 2058 xvi),
757 2009 768 2038 s
785 1988 813 2043 id
828 1995 870 2045 εει
883 2003 945 2044 ma·

143 2160 215 2228 oleo,
230 2162 282 2219 hoc
297 2171 338 2218 εει
354 2164 414 2236 ipsa
429 2164 568 2236 inquisitio
589 2173 616 2221 ει
631 2166 771 2237 sapientiae
795 2165 945 2239 iuvestiga-

143 2249 181 2306 tio
192 2250 381 2307 misericordia
392 2261 418 2308 ει
428 2254 560 2309 ebantate
569 2253 729 2321 condictum
744 2254 841 2328 lagana
852 2270 946 2326 azyma

143 2337 206 2396 olco
219 2338 268 2395 lita
283 2348 325 2396 est
339 2342 433 2413 panis,
450 2342 503 2397 lata
525 2350 551 2399 et
574 2343 672 2412 tenuis,
696 2360 758 2415 quse
778 2351 909 2415 quantum
929 2359 946 2401 a

143 2428 224 2500 panis
248 2428 331 2486 distat
349 2428 489 2500 firmitate,
512 2439 617 2487 tanturn
639 2432 682 2487 lex
704 2441 730 2488 et
751 2433 946 2504 prophetarum

144 2517 267 2574 narrabo
280 2516 416 2575 infirmior
425 2528 468 2575 εει
479 2521 623 2594 Evangelii
634 2520 755 2577 claritate
770 2528 797 2577 ει
811 2522 947 2593 εροειοιο-

143 2606 421 2680 rarissimasque
435 2616 530 2665 ‘³¹⁰⁰ss
545 2610 607 2665 ⁰¹0⁰
621 2610 667 2666 ΜΗ
682 2619 731 2680 ⁹⁵¹⁹
754 2610 818 2682 qua
833 2611 861 2665 ³¹¹
874 2627 946 2711 ΡΨ·
995 2654 1054 2727 apsa
1075 2655 1218 2726 disciplina
1241 2655 1331 2711 saum
1356 2655 1432 2712 rurus
1456 2655 1614 2711 merulam
1637 2655 1799 2731 messapus

142 2695 230 2768 captis
244 2695 315 2769 legis
331 2697 477 2753 charitatis
498 2699 680 2765 observantia,
705 2706 731 2754 et
754 2699 947 2757 misericordiae

144 2781 258 2840 effectus
273 2785 434 2856 mundatur,
450 2794 477 2841 ct
490 2788 631 2858 prophetae
650 2788 684 2843 de
702 2795 817 2843 ventura
836 2787 946 2843 misen-

143 2872 240 2929 cordia
253 2873 427 2930 advenientis
442 2875 543 2930 Christi
557 2884 584 2931 et
599 2877 729 2932 charitate
743 2877 947 2950 presagabant.

144 2960 254 3019 Oblatio
269 2963 304 3019 de
322 2964 462 3037 sartagine
479 2965 512 3020 de
527 2964 615 3020 simila
630 2980 778 3036 conspersa
799 2965 861 3021 oleo
884 2964 945 3021 lieri
1008 3010 1013 3021 .

141 3049 265 3121 jubetur.
282 3052 411 3125 Sartago,
429 3069 490 3125 quae
504 3054 594 3110 media
610 3062 650 3110 est
663 3054 735 3109 inter
755 3055 849 3128 iguem
868 3062 895 3111 et
908 3054 983 3134 ci-(j

146 3139 207 3209 bos,
224 3139 380 3197 firmissimo
398 3142 499 3199 robore
514 3149 610 3199 contra
628 3142 722 3216 ignem
737 3151 803 3213 tuta,
826 3151 853 3199 et
870 3160 948 3217 quae-

143 3227 208 3284 dam
232 3228 325 3284 mollia
346 3230 475 3298 indurat,
504 3230 631 3304 quaedam
656 3247 722 3288 vero
743 3231 812 3288 dura
835 3232 947 3303 emollit,

123 3368 127 3375 .
144 3330 256 3373 crucem
271 3317 369 3372 Christi
384 3318 532 3391 significat,
550 3336 610 3392 quae
624 3320 768 3376 mediatrix
793 3329 860 3388 erat,
886 3321 948 3393 quia

993 619 1073 674 nibus
1096 617 1245 675 sacerdotis
1266 618 1407 687 tradatur,
1433 617 1591 674 memoriale
1616 617 1796 686 incendetur,

994 708 1067 779 quod
1083 715 1207 778 superest
1229 706 1418 763 sacerdotibus
1439 705 1629 777 relinquatur;
1645 706 1682 762 de
1700 706 1797 778 quibus

994 796 1120 853 omnibus
1135 810 1218 867 supra
1230 797 1286 865 jam
1308 794 1436 850 diximus.
1462 815 1474 847 r
1498 794 1594 851 Omnis
1616 794 1718 851 oblatio
1739 811 1797 868 qnae

994 884 1104 941 offertur
1128 884 1244 940 Domino
1266 885 1370 955 absque
1394 883 1529 940 fermento
1554 883 1621 951 liet,
1647 903 1661 934 s
1687 883 1716 940 id
1737 892 1795 962 cst,

994 989 1074 1031 omne
1088 990 1157 1046 opus
1171 972 1309 1029 servitutis
1324 973 1374 1028 Dei
1394 972 1495 1028 malitia
1515 971 1613 1029 alienae
1633 980 1726 1029 careat
1745 972 1796 1030 do·

994 1063 1098 1120 ctrinae.
1114 1062 1172 1119 Nec
1187 1061 1332 1134 quidquam
1346 1061 1472 1118 fermenti
1486 1075 1519 1118 ao
1533 1061 1624 1117 mellis
1643 1060 1797 1120 adolebitur

993 1151 1022 1207 in
1035 1149 1171 1208 sacrificio
1185 1150 1311 1207 Domino.
1327 1150 1381 1206 llel
1395 1149 1496 1206 dicitur
1515 1150 1718 1222 philosophicae
1735 1149 1795 1206 dul-

994 1239 1063 1297 cedo
1078 1239 1244 1307 sonoritatis,
1261 1255 1314 1311 qua
1326 1238 1468 1295 instabiles
1482 1239 1517 1294 ad
1533 1255 1633 1296 sensns
1647 1255 1748 1310 pravos
1761 1238 1795 1295 il·

993 1328 1097 1386 liciuut.
1114 1328 1241 1384 Primitiae
1263 1344 1359 1383 eorum
1381 1336 1409 1383 ει
1427 1343 1542 1384 ιιιιιιιειε
1562 1327 1720 1384 offeruntur
1741 1335 1796 1384 tan-

994 1425 1059 1484 tum,
1075 1417 1136 1489 quia
1151 1417 1294 1473 elementis
1308 1417 1461 1472 litterarum
1476 1424 1503 1473 et
1516 1416 1677 1472 liberalium
1698 1416 1796 1473 artium

992 1506 1189 1573 instrumentis,
1206 1523 1267 1578 quae
1281 1505 1436 1577 philosophi
1450 1514 1624 1577 repererunt,
1644 1505 1682 1561 ad
1695 1505 1796 1562 utilita-

993 1601 1047 1650 tem
1062 1602 1161 1650 sanctae
1179 1594 1309 1651 utendum
1325 1601 1367 1649 εει
1381 1594 1523 1663 Ecclesiae,
1544 1609 1601 1650 non
1624 1602 1732 1650 tantum
1750 1609 1795 1652 eo-

408 1723 435 1777 id
450 1729 492 1777 est
506 1721 638 1778 doctrinm
653 1721 819 1794 evangelicae
834 1710 978 1778 sumita-B
994 1700 1053 1740 rum
1067 1683 1213 1756 theologiae
1228 1682 1305 1738 falsae
1318 1682 1346 1737 iu
1360 1698 1473 1738 munera
1494 1683 1612 1739 Domino
1631 1683 1795 1755 replicandae

994 1788 1046 1828 nec
1058 1788 1155 1827 eornm
1168 1771 1398 1842 disputationibus
1406 1771 1440 1827 de
1451 1771 1550 1827 divinis
1564 1771 1795 1845 investigandum.

996 1882 1008 1913 ε
1033 1860 1173 1932 Quidquid
1195 1859 1327 1917 obtuleris
1348 1857 1475 1916 sacrificii
1497 1858 1555 1916 sale
1578 1861 1703 1916 condies.
1731 1881 1744 1914 r
1766 1861 1796 1918 ln

994 1949 1068 2005 omni
1083 1964 1165 2020 opere
1179 1949 1253 2005 bono
1277 1948 1417 2020 sapientiae
1439 1947 1539 2005 divinae
1559 1949 1724 2005 suavitatem
1747 1965 1796 2008 nus

142 2071 232 2130 litiosa
257 2089 353 2130 eornm
378 2075 517 2132 doctrina.
542 2077 596 2148 lpsi
620 2092 706 2148 panes
728 2077 780 2132 sint
804 2077 946 2149 conspersi
994 2032 1124 2133 &hibere
1139 2034 1272 2088 hortatu*
1288 2033 1386 2088 munus
1400 2031 1547 2103 mmmm
1561 2032 1675 2106 frugum
1689 2034 1725 2090 de
1739 2034 1796 2106 ‘pi'

994 2135 1035 2179 crs
1049 2122 1198 2178 virentibus
1211 2121 1335 2188 offertur,
1351 2121 1416 2177 dum
1431 2121 1544 2191 alicuius
1567 2121 1706 2180 inchoatio
1721 2123 1798 2180 bona

995 2211 1159 2283 operationis
1173 2218 1200 2266 ct
1214 2210 1365 2283 disciplinae
1380 2211 1490 2267 Domini
1509 2209 1597 2284 gratia
1617 2211 1798 2270 commenda·

995 2307 1047 2367 tur,
1064 2300 1129 2355 dum
1143 2315 1195 2357 nec
1208 2316 1259 2371 per
1275 2316 1304 2355 se
1319 2300 1354 2355 ad
1368 2300 1564 2370 maturitatem,
1581 2300 1609 2356 id
1624 2308 1668 2356 est
1683 2301 1719 2356 ad
1733 2317 1798 2372 per·

994 2389 1149 2460 lectionem,
1164 2388 1330 2460 pervenerit,
1347 2388 1404 2462 igni
1419 2404 1528 2461 quoqne
1547 2388 1668 2460 Spiritus
1688 2398 1798 2447 sanctia

995 2477 1077 2535 debet
1091 2478 1244 2547 emundari,
1266 2484 1294 2534 et
1316 2475 1473 2534 confirmari
1497 2476 1579 2534 debet
1596 2493 1603 2533 :
1619 2485 1649 2534 et
1663 2477 1799 2552 coniungi

995 2566 1024 2621 in
1038 2566 1120 2622 farris
1134 2581 1248 2635 morem,
1264 2566 1358 2633 idest,
1379 2565 1476 2622 littera
1496 2566 1632 2623 velamine
1655 2567 1796 2640 adaperto,

923 2789 928 2799 .
995 2744 1030 2799 ad
1061 2743 1264 2800 similitudinem
1291 2743 1419 2815 perfectae
1448 2744 1597 2816 sapientiae.
1629 2744 1700 2801 Sunt
1727 2745 1799 2802 enim

997 2833 1120 2905 quaedam
1140 2849 1201 2904 quae
1221 2833 1385 2888 omnimodis
1408 2833 1574 2900 interiorem,
1597 2847 1655 2889 non
1678 2834 1799 2892 exterio-

997 2937 1056 2977 rem
1071 2937 1192 2987 sensum‚
1208 2921 1350 2993 recipiant.
1366 2923 1407 2978 De
1421 2921 1483 2978 oleo
1498 2929 1526 2979 et
1540 2922 1631 2991 thure,
1644 2930 1672 2979 et
1685 2938 1799 2998 sequen·

997 3010 1068 3066 trbus
1080 3010 1136 3079 jam
1150 3010 1255 3068 dictum
1267 3018 1318 3068 εει.

1308 3228 1421 3288 CAPUT
1439 3230 1485 3286 lll.

143 3404 235 3462 cibum
249 3406 409 3474 sustinebat,
425 3416 452 3463 ει
465 3425 516 3480 per
530 3425 590 3465 eam
605 3409 683 3465 calor
704 3408 841 3480 passionis
855 3409 949 3466 ineen·
1036 3430 1048 3460 r
1065 3407 1145 3478 Quod
1160 3408 1184 3462 si
1197 3405 1285 3463 hostia
1298 3405 1476 3479 pacificorum
1490 3405 1569 3464 luerit
1583 3408 1799 3478 ejusoblatio,si

141 3493 269 3550 debatur.
285 3496 344 3551 Nisi
359 3512 423 3552 vero
438 3497 518 3569 panis
533 3498 561 3553 in
581 3497 628 3553 illa
647 3498 766 3554 eoelestis
785 3505 947 3565 torreretur,
998 3497 1124 3567 voluerit,
1140 3497 1174 3552 de
1190 3496 1279 3551 bobus
1291 3511 1395 3551 marem
1418 3511 1467 3552 seu
1487 3495 1616 3553 feminam
1638 3498 1798 3556 immacula-

143 3582 203 3652 ejus
217 3585 378 3655 mysterium
394 3587 518 3657 corporis
531 3587 687 3642 nullatenus
709 3588 743 3642 ad
764 3586 880 3643 salutem
895 3589 948 3642 hu·
998 3594 1054 3642 tam
1069 3584 1175 3642 offeret.
1189 3606 1200 3635 a
1213 3585 1409 3641 Holocaustum
1419 3584 1492 3658 quod
1506 3593 1591 3642 totum
1605 3585 1801 3644 incendebatur

142 3672 215 3727 mani
229 3675 340 3746 generis
354 3676 535 3747 panderetur.
556 3676 623 3731 Tota
638 3676 711 3732 enim
726 3676 894 3748 dispensatio
907 3676 949 3731 in·
999 3691 1167 3733 summorum
1191 3682 1218 3730 ει
1240 3674 1421 3729 maximorum
1443 3689 1526 3746 opera
1549 3673 1708 3748 significat,
1733 3677 1800 3734 sieut

145 3762 312 3818 carnationis
328 3764 387 3834 ejus
402 3765 436 3820 ad
460 3765 552 3821 crucis
577 3766 717 3836 spectabat
739 3765 950 3822 consummatio-
999 3773 1040 3821 εει
1054 3763 1205 3837 virginitas,
1223 3762 1257 3818 de
1280 3779 1333 3836 qua
1357 3762 1456 3818 dicitur
1472 3780 1479 3820 :
1496 3783 1509 3815 ι
1526 3762 1580 3833 Qui
1596 3773 1690 3836 potest
1705 3780 1800 3838 capere

143 3865 220 3906 ιιειιι.
246 3852 324 3909 Unde
348 3852 388 3908 illi
410 3854 498 3909 omnis
524 3862 649 3909 creatura
673 3861 767 3910 nostra
786 3853 948 3927 [subjicitur]
999 3851 1295 3925 capiat(llottlv.x1x),
1314 3871 1326 3901 s
1343 3859 1370 3907 et
1384 3852 1475 3906 omnia
1489 3851 1646 3926 relinquere
1660 3853 1800 3926 perfectio

142 3941 583 4012 proptervirtutemcmeis.Nam
591 3942 947 4013 Apostolnsulacrusesr,
999 3943 1042 3998 nis
1056 3948 1107 4010 est,
1131 3941 1200 3997 sicut
1214 3940 1314 3997 dicitnr
1337 3939 1377 3994 illi
1399 3939 1497 3996 diviti:
1516 3962 1528 3992 ι
1545 3941 1574 3998 Si
1597 3941 1640 3998 vis
1660 3941 1798 4014 perlectus

143 4026 240 4099 inquit,
257 4027 391 4084 obediens
417 4031 493 4086 Patri
513 4047 600 4103 usque
623 4032 656 4086 ad
680 4038 807 4098 mortem,
832 4039 949 4087 mortem
1000 4046 1060 4088 esse
1076 4029 1181 4102 (Did),
1195 4050 1206 4078 ι
1219 4036 1270 4085 ειε.
1283 4029 1347 4085 Haec
1362 4044 1512 4099 paucorum
1527 4038 1598 4086 sunt.
1610 4030 1692 4088 Unde
1707 4039 1735 4088 et
1747 4046 1799 4088 ma·

144 4123 235 4171 autem
250 4116 338 4173 crucis
355 4134 361 4171 :
377 4120 576 4192 propterquod
593 4128 619 4176 ει
634 4121 708 4176 Deus
722 4120 798 4174 illum
812 4119 946 4188 exaltavit,
1000 4119 1092 4176 aculus
1107 4126 1209 4173 tantum
1224 4115 1314 4174 offerri
1329 4117 1505 4189 praecipitum
1529 4119 1587 4175 haec
1609 4126 1705 4177 autem
1727 4119 1799 4196 paci·

144 4211 171 4260 et
183 4204 259 4261 dedit
274 4205 314 4261 illi
330 4221 432 4263 nomen
448 4209 522 4279 quod
537 4216 579 4264 est
593 4224 677 4279 super
690 4224 771 4264 omne
786 4223 896 4275 nomeu,
920 4216 950 4265 ut
999 4205 1051 4264 fica
1071 4207 1176 4278 utrique
1200 4204 1286 4273 sexui,
1310 4205 1437 4262 videlicet
1459 4204 1546 4262 firmis
1567 4216 1594 4264 et
1615 4206 1744 4278 infirmis,
1765 4207 1800 4266 ol

143 4293 295 4351 innomine
311 4296 375 4352 Jesu
390 4312 471 4352 omne
486 4311 559 4370 genu
574 4297 697 4353 flectatur
711 4296 876 4368 coelestium,
890 4305 949 4354 ter·
999 4297 1084 4353 reuda
1099 4303 1170 4362 sunt,
1188 4294 1251 4367 quia
1266 4294 1376 4367 quidam
1391 4294 1425 4350 de
1444 4295 1541 4364 bobus,
1568 4295 1595 4351 id
1617 4305 1660 4353 est
1684 4297 1798 4355 fortibus

143 4384 270 4440 restrium
285 4394 312 4441 et
325 4383 494 4442 infernorum
509 4386 596 4456 (Phil.
609 4385 649 4457 n),
669 4407 681 4436 ι
698 4393 726 4442 ει
739 4393 847 4443 cetera.
864 4387 948 4457 Cujus
999 4385 1138 4458 operibus,
1154 4383 1265 4439 offertur
1276 4401 1283 4439 :
1295 4384 1404 4457 quidam
1419 4384 1453 4439 de
1469 4384 1576 4453 ovibus,
1591 4384 1621 4440 id
1635 4394 1678 4443 est
1692 4387 1729 4444 de
1742 4388 1799 4444 sim·

143 4473 232 4530 crucis
246 4475 332 4530 virtus
348 4475 472 4546 quaedum
487 4475 569 4530 corda
593 4475 660 4530 dura
683 4476 712 4531 in
735 4476 846 4532 leuitate
868 4493 948 4532 man·
1002 4475 1122 4548 plicitate
1146 4473 1226 4542 vitae,
1254 4472 1371 4529 offerunt
1390 4489 1488 4529 munus
1513 4491 1519 4528 :
1545 4483 1692 4548 utrumque
1714 4485 1800 4534 autem

146 4562 298 4618 suetudinis
314 4563 460 4633 edomavit,
478 4565 603 4638 quaedam
618 4580 685 4621 vero
698 4564 789 4621 mollia
804 4573 831 4621 et
843 4565 951 4622 infirma
1001 4565 1060 4621 sine
1082 4563 1200 4633 macula,
1224 4562 1351 4619 videlicet
1372 4562 1473 4619 erroris
1495 4570 1522 4618 et
1543 4561 1673 4620 arbiorum
1696 4564 1800 4638 deposi-

145 4650 246 4707 virtute
269 4653 423 4708 stabilitatis
447 4655 548 4720 erexit,
572 4662 601 4710 ut
624 4661 738 4727 utraque
761 4654 861 4710 Christi
889 4670 951 4712 cor·
1001 4653 1084 4712 tione.
1100 4654 1181 4709 Manu
1196 4667 1280 4724 super
1303 4658 1430 4723 caputet
1453 4651 1565 4709 introitu
1585 4652 1756 4712 ubernaculi
1775 4663 1799 4711 ει

145 4740 207 4812 pori
230 4741 356 4798 sociaret.
382 4743 449 4798 inde
471 4744 494 4798 si
519 4744 584 4816 quid
605 4745 775 4801 tractandum
790 4744 835 4811 sit,
861 4744 952 4802 simila
1001 4743 1134 4816 sanguine
1148 4749 1175 4799 ει
1190 4741 1334 4811 altarijam
1349 4741 1517 4798 dictumest.
1541 4742 1635 4815 Adeps
1654 4743 1702 4816 qui
1716 4743 1800 4817 operit

117 4830 120 4836 “
145 4829 287 4900 sapientie
301 4838 328 4886 et
342 4846 404 4887 cum
419 4846 485 4887 vera
498 4833 625 4888 charitate
641 4832 801 4905 inquiratur.
828 4833 869 4889 De
893 4832 949 4889 ler-
1001 4832 1100 4898 vitalia,
1117 4831 1144 4887 id
1158 4838 1200 4887 est
1214 4846 1262 4887 cor
1277 4838 1303 4886 ει
1324 4830 1350 4886 ei
1373 4829 1549 4899 adbaerentia,
1574 4829 1641 4904 quia
1664 4831 1694 4887 in
1718 4831 1798 4890 corda

146 4925 239 4974 mento
250 4919 306 4988 jam
322 4920 449 4978 diximus.
472 4920 606 4978 Dividitur
623 4921 786 4988 minutatim,
810 4938 873 4978 eum
896 4921 951 4978 siu·
999 4922 1068 4978 ratio
1082 4936 1143 4976 esse
1159 4918 1347 4987 dicitur‚iram
1363 4919 1454 4990 signat
1467 4927 1514 4975 ant
1524 4919 1644 4994 aliquem
1651 4919 1799 4994 appetitum

147 5004 221 5078 gulas
238 5007 375 5077 passionis
390 5011 449 5079 eius
468 5009 576 5082 species
591 5011 682 5084 dignae
699 5012 951 5068 recensentur.Hoc
1000 5008 1129 5066 desiderii
1143 5008 1217 5081 quod
1230 5008 1393 5066 intrinsecus
1408 5008 1532 5076 nutritur,
1558 5008 1623 5082 quia
1644 5009 1739 5067 anima
1759 5025 1800 5067 ra·

145 5099 197 5159 est,
214 5094 279 5166 quid
292 5096 382 5152 valeat
396 5099 522 5169 proditio,
540 5099 698 5171 flagellatio,
710 5099 849 5171 spinarum
864 5101 951 5172 impo.
1001 5098 1148 5166 tionabilis,
1164 5097 1393 5169 concupiscibilis,
1405 5095 1548 5155 irascibilis
1561 5097 1670 5156 dicitur.
1683 5097 1799 5169 Quando

146 5180 218 5252 sitio,
235 5182 413 5254 colaphorum
428 5187 528 5255 irrisio,
544 5197 571 5244 ει
591 5197 688 5247 caetera
707 5189 873 5259 huiusmodi.
900 5190 951 5248 Sa·
1000 5189 1073 5247 eninr
1096 5187 1176 5243 irasci
1198 5186 1360 5260 contigerit,
1388 5185 1470 5243 debet
1493 5185 1610 5263 Domino
1631 5186 1748 5258 offerri,
1771 5197 1800 5246 ut

147 5269 283 5330 orificium
297 5271 332 5328 de
347 5274 486 5345 craticula,
502 5277 536 5333 de
551 5285 638 5334 morte
653 5277 752 5335 Christi
767 5285 809 5334 est
832 5279 951 5351 disputa·
1000 5294 1052 5351 pro
1065 5275 1182 5334 Domino
1203 5275 1251 5332 fiat
1271 5292 1306 5332 ne
1328 5284 1457 5348 peccetur
1480 5275 1508 5331 in
1533 5275 1592 5350 ipsa
1617 5277 1800 5336 commotione

148 5361 186 5418 tio
209 5360 320 5435 digna3
344 5361 413 5419 sicut
436 5365 509 5420 enim
532 5365 625 5422 subter
653 5367 822 5442 sartaginem
843 5367 950 5425 validus
1001 5367 1050 5438 sic,
1066 5374 1149 5424 etc«
1172 5366 1273 5434 lienes,
1289 5381 1351 5423 cum
1373 5365 1452 5438 adipe
1476 5380 1531 5440 quo
1555 5373 1688 5440 teguntur
1712 5366 1798 5435 flia.»

146 5450 219 5525 ignis
234 5451 392 5509 accenditur
406 5460 435 5509 ut
448 5452 525 5510 cibus
545 5464 720 5529 excoquatur,
743 5457 794 5513 sub
818 5458 950 5515 craticula
1000 5456 1166 5514 desiderium
1185 5455 1274 5513 coitus
1297 5453 1414 5528 signant,
1440 5455 1487 5528 qui
1510 5454 1627 5512 Domino
1649 5454 1803 5514 offeruntur

148 5548 237 5599 autern
266 5541 481 5615 consumptionis
507 5542 641 5600 carbones
668 5546 847 5617 subjiciuntur
877 5566 884 5602 ι
914 5548 950 5604 ita
1000 5546 1065 5602 dum
1081 5561 1136 5602 non
1150 5553 1263 5618 propter
1276 5544 1412 5601 luxuriam
1432 5544 1542 5617 nuptiae,
1559 5544 1608 5601 sed
1631 5561 1685 5617 pro
1708 5561 1803 5604 amore

148 5629 229 5687 etiam
244 5630 286 5690 vis
299 5632 436 5705 passionis
451 5646 534 5690 cruce
548 5630 649 5690 Christi
664 5649 773 5694 carnem
787 5636 898 5705 assavit,
922 5645 949 5693 et
1001 5636 1103 5694 sobolis
1118 5634 1312 5707 suscipiuntur.
1330 5654 1343 5687 r
1360 5633 1510 5693 Reticulum
1521 5632 1633 5705 jecoris,
1652 5654 1665 5686 i
1681 5634 1745 5709 quis
1757 5636 1802 5706 je·
