3772 6112
152 242 205 297 955

426 236 628 295 wataramt
642 235 763 294 seuam
778 235 879 296 FUBD.
890 232 978 292 ΜΟΝ.
993 233 1069 293 ΟΡΡ.
1085 234 1173 294 PARS
1188 235 1253 292 1.-
1266 233 1502 293 THBOLOGlGh.

1754 241 1805 297 956

155 380 219 422 men
237 364 337 422 multos
350 364 440 437 putari
457 365 491 419 ab
510 363 656 419 Ambrosio
669 363 767 429 laotos,
784 362 831 434 qui
844 376 951 434 nequa·
968 357 1110 420 Acultum
1125 377 1198 418 verae
1212 362 1422 428 observationis,
1438 367 1508 417 utet
1523 360 1626 417 clarior
1641 361 1742 434 religio
1760 376 1806 418 ac-

154 469 237 529 quam
252 454 287 508 ab
311 453 357 509 illo
380 462 441 508 suut
462 453 536 509 editi.
560 451 722 507 Incredibile
746 451 818 506 enim
841 451 948 507 videtur

152 542 229 599 illum
244 541 313 598 tales
327 542 433 613 aliquos
448 541 654 613 lecisse‚quales
668 541 749 596 multi
765 541 947 606 inveniuntur,

152 632 180 687 id
195 639 237 687 est
252 632 308 703 qui,
324 631 425 686 nullam
443 647 539 686 sensus
561 630 783 704 consequentiam
806 630 948 698 habentes,

152 719 288 776 insolitam
302 719 447 775 Ambrosio
463 719 490 773 in
504 719 572 791 ipsis
592 718 757 775 dictionibus
772 719 950 775 rusticitatem

151 808 348 865 demonstrant.
365 807 518 864 Dicendum
533 824 598 863 vero
617 808 651 863 de
666 808 767 880 hymno
783 808 829 880 qui
844 809 880 863 ob
898 810 949 864 ho-

150 914 243 954 norem
258 905 358 954 sanctae
383 905 409 952 et
436 897 523 952 unicae
544 897 682 952 Trinitatis
704 897 801 953 officiis
824 896 951 953 omnibus

149 987 327 1056 interseritur,
345 1002 435 1042 euma
450 987 552 1043 sanctis
568 987 694 1042 Patribus
709 987 788 1042 aliter
803 995 883 1059 atque
898 986 951 1041 cli·

148 1083 191 1131 ler
204 1076 368 1131 ordinatum.
385 1077 455 1131 Nam
484 1076 608 1146 Hispani,
634 1076 703 1132 sicut
725 1075 850 1146 superius
872 1090 950 1131 com-

148 1164 371 1234 memoravimus,
394 1165 432 1219 ita
447 1181 509 1219 eum
532 1164 586 1219 dici
605 1164 769 1219 omnimodis
796 1164 948 1219 voluerunt.

148 1253 238 1311 Graeci
258 1262 357 1323 autem,
384 1255 479 1311 Gloria
504 1257 597 1320 Petri,
624 1259 653 1310 ct
677 1256 759 1322 Filio,
784 1259 812 1309 et
832 1254 952 1327 Spiritui

147 1347 258 1412 sancto,
269 1347 297 1398 ct
307 1360 384 1399 nunc
395 1348 423 1399 at
437 1345 629 1416 recuperatio
649 1345 755 1399 secata
771 1344 950 1399 secutarum.

146 1431 246 1488 Amen.
263 1432 351 1487 Latini
363 1447 437 1497 vero,
454 1432 551 1488 eodem
567 1432 663 1487 ordine
685 1440 711 1486 et
736 1431 840 1486 eisdem
859 1431 952 1487 verbis

147 1520 360 1591 huno'hymnum
375 1521 532 1585 decantant,
544 1520 677 1576 addentes
686 1528 790 1575 tantum
806 1520 832 1573 in
842 1520 950 1575 medio:

148 1609 228 1666 secat
243 1614 305 1665 crat
319 1611 351 1666 ln
366 1610 515 1682 principio.
537 1610 589 1665 Pro
601 1610 700 1680 quihus
716 1609 797 1663 etiam
812 1608 952 1679 particulis

1000 449 1154 506 cedentium
1179 451 1213 507 ad
1237 449 1319 506 iidem
1343 451 1447 505 animos
1470 450 1607 518 invitaret,
1634 457 1661 505 et
1696 451 1802 506 auctior

999 539 1087 594 cultus
1106 539 1230 596 veritatis
1245 540 1427 596 constantiam
1450 539 1648 596 catholicorum
1671 539 1804 595 adversus

1000 622 1127 684 inimicos
1150 629 1319 685 ostenderet.
1346 629 1375 707 In
1391 636 1496 684 tantum
1517 629 1636 701 denique
1652 628 1697 685 vel
1718 629 1802 684 canti-

998 715 1077 784 lenae,
1094 717 1137 772 vel
1151 717 1311 789 psalmodiae
1320 718 1479 773 memoriter
1490 719 1654 774 exercendae
1664 733 1734 771 usus
1748 727 1804 773 erat

1000 821 1079 860 rarus
1092 806 1165 877 apud
1180 807 1297 878 priores,
1313 815 1341 861 ut
1352 807 1386 861 dc
1401 806 1559 863 novissimis
1574 823 1646 877 pene
1663 808 1802 862 Romano·

1000 911 1060 950 rum
1082 896 1255 970 praesulibus,
1274 904 1299 951 ct
1318 895 1364 967 qui
1388 912 1439 951 nec
1456 895 1581 950 ducentis
1605 896 1687 950 annis
1711 902 1804 950 nostra

1000 996 1126 1060 tempora
1141 993 1350 1056 praecesserunt,
1368 984 1446 1056 quasi
1469 984 1650 1039 memorabile
1674 983 1803 1057 quiddam

1001 1085 1027 1133 el
1044 1075 1183 1148 singulare
1208 1073 1345 1130 scribatur
1360 1072 1381 1127 si
1403 1074 1448 1146 qui
1470 1090 1566 1129 eorum
1580 1073 1609 1127 in
1625 1073 1712 1128 rebus
1732 1089 1804 1144 prte-

1000 1166 1079 1222 dictis
1103 1163 1297 1219 eminentiores
1327 1162 1436 1218 coeteris
1460 1162 1629 1217 viderentur.
1658 1162 1804 1217 llormisda

1001 1255 1084 1318 enim,
1107 1254 1136 1307 in
1155 1252 1252 1308 ordine
1274 1251 1515 1323 quinquagesimus
1550 1258 1677 1323 quartus,
1704 1251 1804 1306 clerum

1001 1341 1154 1414 composuit
1181 1350 1208 1396 et
1230 1340 1343 1411 psalmis
1369 1340 1496 1395 erudivit.
1526 1340 1803 1411 Leo,.oetogesimus

1004 1431 1151 1497 secundus,
1169 1437 1195 1485 et
1210 1428 1371 1485 Benedictus
1386 1437 1447 1499 post
1462 1446 1525 1484 curn
1544 1429 1700 1500 proximus,
1724 1429 1803 1484 item-

1003 1538 1055 1594 que
1071 1520 1194 1592 Sergius,
1206 1517 1391 1588 octogesimus
1406 1526 1507 1583 sextus,
1521 1518 1683 1589 psalmodia
1694 1526 1721 1573 et
1739 1534 1804 1573 caa-

1002 1611 1091 1665 lilenae
1102 1609 1215 1666 scientia
1229 1608 1354 1663 floruisse
1371 1607 1506 1662 dicuntur.
1524 1608 1564 1662 De
1590 1607 1731 1681 Gregorio
1753 1623 1803 1662 au-

148 1697 260 1771 quidam
274 1697 362 1754 Graeci
382 1698 470 1753 minus
490 1698 638 1769 sapientes,
663 1698 782 1763 Latinus,
811 1696 987 1783 proximisB
1003 1699 1147 1754 temtcrtio
1170 1697 1243 1754 velut
1253 1696 1404 1750 inauditum
1427 1695 1557 1767 quiddam
1580 1704 1607 1751 et
1630 1712 1734 1751 norum
1759 1712 1803 1751 re·

150 1795 213 1842 ante
236 1803 287 1842 nos
320 1787 498 1858 temporibus,
524 1786 667 1842 calumniis
695 1786 828 1857 impetere
856 1786 946 1841 conati

150 1875 414 1946 aunt.1ntelligimus
429 1884 519 1930 tamen
534 1892 583 1930 nos
594 1877 621 1930 in
633 1877 685 1931 hoc
700 1892 755 1931 non
769 1891 868 1942 errare,
887 1891 949 1931 cre-

150 1963 207 2019 dita
220 1963 489 2035 consempiternitate
504 1964 598 2035 gloriae
608 1964 706 2029 Patris,
723 1971 749 2019 et
759 1963 828 2029 Filii,
845 1973 872 2019 et
886 1963 947 2034 Spi-

149 2053 218 2110 ritus
232 2053 317 2109 sancti
336 2071 342 2106 :
359 2053 516 2125 pariterque
534 2052 652 2109 scientes
673 2052 747 2124 quod
778 2052 893 2108 Romani
910 2050 953 2106 fir·

148 2142 264 2198 missimi
285 2139 349 2197 fidei
368 2150 534 2207 servatores,
555 2143 665 2198 remotis
682 2142 788 2198 caeteris
809 2141 952 2212 composi-

147 2231 278 2298 tionibus,
294 2231 366 2287 hunc
380 2231 459 2300 hujus
482 2231 575 2301 hymni
590 2239 713 2286 tenorem
729 2246 782 2285 non
805 2229 887 2285 aliter
904 2247 953 2284 su·

148 2320 309 2391 acepissent,
326 2318 378 2373 nisi
392 2335 454 2375 cum
469 2336 567 2391 purum
582 2319 617 2375 ab
632 2319 706 2375 omni
732 2334 825 2374 errore
847 2333 952 2390 eogno-

147 2408 246 2466 verint.
276 2407 416 2465 Affirmant
443 2409 577 2482 siquidem
603 2409 679 2464 multi
713 2410 848 2479 hymnum
872 2408 953 2463 istum

148 2497 251 2554 Nicaeni
266 2498 374 2554 concilii
387 2498 573 2554 sacratissima
589 2498 728 2554 sanatione
752 2498 900 2570 prolatum,
924 2504 953 2552 ut

148 2587 275 2643 omuibus
289 2586 385 2642 officiis
396 2595 421 2641 et
435 2587 604 2642 orationibus
619 2587 800 2654 intermixtus,
816 2595 843 2641 et
865 2585 950 2641 fidem

149 2683 291 2734 eoaetemae
306 2675 444 2731 Trinitatis
459 2676 582 2743 inculcet,
600 2684 626 2731 et
647 2676 675 2730 in
699 2675 815 2749 singulis
838 2675 951 2746 petitio-

150 2765 230 2822 dibus
244 2765 303 2838 ipsa
313 2765 450 2821 confessio
464 2765 561 2821 melius
571 2764 692 2821 savorem
712 2765 811 2820 divinae
833 2764 948 2820 exaudi·

152 2855 235 2912 tionis
249 2855 379 2911 obtineat.
396 2856 473 2911 Hunc
488 2856 579 2926 itaque
594 2855 726 2927 hymnum
745 2853 869 2929 ¹nonnulli
891 2868 952 2907 om-

151 2944 230 3000 nibus
244 2959 314 3015 pene
329 2944 450 3015 psalmis,
468 2951 494 2999 et
510 2944 647 2998 interdum
669 2942 847 2998 incisionibus
870 2941 947 3012 psal-

151 3049 255 3091 morum
270 3041 403 3104 coaptant,
426 3032 606 3104 responsoriis
629 3047 693 3087 vero
717 3030 897 3103 paucioribus,
921 3039 949 3085 ut

152 3122 191 3178 illi
209 3122 255 3195 qui
278 3131 373 3177 statuta
393 3121 478 3176 Patris
498 3119 635 3175 Benedicti
661 3119 689 3173 in
712 3119 784 3175 horis
801 3127 949 3192 sequuntur

152 3212 299 3268 canonicis.
312 3209 425 3266 Romani
442 3225 503 3263 eum
517 3208 545 3262 in
555 3206 667 3280 psalmis
682 3206 777 3275 rarius,
794 3208 821 3262 in
837 3222 950 3279 respon·
996 3210 1146 3267 officiorum
1170 3210 1346 3264 instrumenta
1361 3209 1480 3264 babebat
1495 3224 1551 3263 non
1569 3208 1694 3276 minime,
1711 3226 1744 3264 ex
1760 3209 1798 3265 cis

153 3300 233 3356 soriis
246 3299 366 3355 crebrius
381 3297 486 3354 iterant.
513 3297 583 3352 Sane
609 3312 726 3364 versum,
752 3296 797 3369 qui
816 3297 843 3351 in
863 3297 950 3368 capite

153 3388 273 3446 omnium
288 3385 532 3459 (praetermissam)
552 3385 699 3442 officiorum
722 3402 782 3458 qum
805 3385 878 3440 boris
901 3402 949 3442 ca-

154 3476 259 3533 nonicis
274 3476 441 3540 exhibentur,
458 3475 510 3531 dici
525 3475 603 3542 solet,
620 3474 647 3529 id
669 3482 719 3541 est,
744 3477 826 3544 Daue,
842 3475 875 3530 in
898 3476 950 3530 ad-

152 3562 950 3638 jalariammcamintendamreliqua,Patrcsantiquisuis

154 3653 347 3712 Collalionihus
374 3653 547 3710 inveniuntur
580 3652 705 3708 statuisse
734 3652 870 3719 omnibus,
896 3667 950 3708 non

153 3749 254 3799 tantum
277 3742 385 3810 officiis,
406 3743 454 3797 sed
478 3741 558 3798 etiam
581 3741 709 3813 operibus
723 3740 949 3812 praemittendum,

152 3841 181 3888 ut
196 3831 330 3889 invocatio
343 3831 441 3887 divinae
455 3830 636 3902 opitulationis
650 3829 726 3885 initio
752 3828 893 3899 cujuslibet
907 3844 952 3885 ac-

153 3917 234 3974 tionis
247 3925 388 3988 assumpta
403 3915 555 3972 faciliorem
571 3913 649 3971 faciat
667 3923 693 3970 et
714 3914 868 3984 postulandi
890 3930 953 3971 con-

153 4006 281 4063 stantiam
296 4013 322 4061 et
336 4004 476 4061 obtinendi
500 4003 638 4060 virtutem.
663 4003 834 4076 tangendis
860 4011 952 4059 autem

153 4103 332 4164 mortuorum,
345 4102 372 4150 et
388 4093 609 4164 circapassionis
627 4091 776 4148 Dominicae
791 4091 952 4148 solemnita-

154 4192 219 4254 tem,
235 4184 424 4241 inchoationes
435 4190 462 4238 et
475 4181 644 4253 expletiones
667 4179 817 4236 officiorum
845 4197 901 4237 non
924 4189 953 4237 ul

1005 1788 1101 1854 fertur,
1125 1786 1198 1859 quod
1222 1801 1317 1840 omnes
1343 1785 1465 1856 psalmos
1492 1785 1652 1841 memoriter
1676 1785 1801 1841 tenuerit.

1005 1877 1058 1947 Ubi
1076 1876 1189 1946 intelligi
1213 1874 1293 1929 datur
1316 1889 1419 1945 paucos
1441 1874 1563 1944 priorum
1587 1874 1625 1929 ita
1645 1874 1805 1930 psalterium

1004 1966 1143 2021 didicisse.
1160 1964 1290 2019 Solebant
1310 1963 1383 2017 enim
1404 1964 1534 2033 psalmos,
1552 1979 1631 2036 aeque
1646 1970 1676 2017 ut
1697 1973 1805 2018 caeteras

1005 2055 1169 2126 Scripturas,
1185 2059 1285 2124 partim
1300 2052 1382 2107 etiam
1398 2051 1554 2117 lectitando,
1577 2052 1633 2106 suis
1650 2052 1747 2108 officiis
1762 2054 1804 2106 in-

1004 2160 1106 2199 serere.
1124 2142 1202 2212 Quod
1218 2142 1241 2196 si
1251 2141 1397 2213 diligenter
1407 2140 1545 2207 advertas,
1562 2141 1657 2196 multis
1683 2141 1805 2213 Scriptu-

1004 2248 1097 2289 rarum
1111 2230 1282 2287 documentis
1299 2238 1424 2301 apparet.
1441 2229 1574 2285 Ordinem
1599 2238 1694 2285 autem
1719 2230 1804 2286 canti-

1004 2321 1083 2386 lena,
1100 2320 1205 2375 diurnis
1220 2336 1268 2374 seu
1283 2319 1422 2375 nocturnis
1446 2319 1521 2374 horis
1544 2319 1681 2385 dicendae,
1711 2320 1805 2375 beatus

1005 2409 1160 2483 Gregorius
1176 2407 1430 2480 plenariacreditur
1440 2408 1614 2464 ordinatione
1623 2409 1805 2475 distribuisse,

1005 2499 1074 2556 sicut
1103 2506 1130 2553 et
1153 2514 1235 2570 supra
1261 2498 1295 2553 de
1322 2499 1564 2553 sacramentorum
1595 2497 1716 2552 diximus
1740 2497 1806 2552 libro

1004 2605 1067 2645 cum
1087 2587 1164 2641 multi
1188 2595 1250 2642 aute
1275 2586 1333 2641 sive
1352 2593 1414 2658 post
1439 2602 1501 2641 eum
1518 2586 1655 2651 oratione,
1681 2586 1805 2659 antipho·

1003 2693 1053 2732 nas
1069 2676 1112 2733 vel
1128 2675 1303 2747 responsoria
1315 2675 1530 2747 composuerint.
1550 2675 1623 2730 Nam
1648 2684 1675 2732 et
1689 2675 1724 2731 de
1738 2675 1805 2730 anti-

1002 2768 1154 2839 phonarum
1175 2766 1300 2821 inchoate
1316 2763 1442 2835 superius
1467 2763 1586 2820 diximus
1601 2766 1677 2837 (cup.
1699 2765 1756 2835 ἤ).
1772 2764 1805 2819 Bt

1002 2853 1176 2926 responsoria
1190 2855 1224 2909 ab
1239 2854 1311 2908 ltalia
1330 2854 1447 2926 primum
1466 2853 1575 2909 inventa
1589 2853 1744 2920 traduntur,
1762 2853 1805 2910 vel

1000 2944 1146 3002 ambrosio
1162 2942 1288 2998 videlicet
1302 2943 1345 2997 vel
1367 2942 1413 2997 alii
1427 2957 1496 2998 nova
1511 2942 1669 2997 divinarum
1691 2942 1799 2999 laudum

1003 3032 1223 3106 augmentatione
1239 3031 1416 3104 gaudenti.Et
1431 3031 1493 3102 quia
1508 3030 1654 3087 Gallicana
1669 3031 1802 3099 Ecclesia,

999 3123 1065 3180 viris
1088 3137 1143 3177 non
1165 3121 1254 3176 minus
1277 3120 1449 3192 peritissimis
1476 3119 1621 3194 instructa,
1652 3135 1794 3176 sacrorum

997 3300 1086 3372 aliqua
1104 3300 1287 3355 Romanorum
1306 3296 1401 3353 officiis
1426 3296 1546 3352 immixta
1572 3297 1714 3367 dicuntur,
1741 3314 1799 3370 quae

998 3390 1122 3461 plerique
1143 3396 1169 3444 et
1192 3388 1285 3443 verbis
1306 3396 1333 3442 et
1354 3402 1422 3442 sono
1445 3403 1476 3441 se
1500 3402 1517 3441 a
1539 3387 1650 3443 caeteris
1678 3387 1803 3443 cantibus

1000 3479 1156 3534 discernere
1169 3492 1251 3548 posse
1267 3475 1410 3531 fateantur.
1429 3475 1482 3531 Sed
1510 3475 1658 3548 privilegio
1677 3477 1806 3532 Romane

999 3567 1073 3622 sedis
1087 3566 1239 3635 observato,
1256 3572 1283 3620 et
1298 3565 1482 3635 congruentia
1508 3564 1667 3619 rationabili
1688 3564 1807 3636 disposi-

999 3656 1102 3712 tionum
1116 3655 1187 3726 opud
1203 3670 1264 3709 eum
1280 3653 1413 3709 factarum
1433 3653 1627 3724 persuadente,
1652 3651 1755 3709 lartum
1768 3662 1806 3709 est

1000 3751 1028 3799 ut
1043 3743 1071 3798 in
1085 3743 1211 3799 omnibus
1225 3759 1296 3814 pene
1310 3743 1467 3798 Latinorum
1483 3741 1606 3798 ecclesiis
1630 3743 1804 3799 consuetudo

1002 3841 1028 3888 et
1040 3833 1229 3905 magisterium
1243 3831 1366 3901 ejusdem
1382 3832 1455 3886 sedis
1470 3831 1633 3903 praevaleret
1657 3850 1664 3887 :
1681 3832 1804 3903 quianon

1002 3930 1043 3977 est
1057 3921 1111 3976 alia
1125 3921 1234 3976 traditio
1253 3937 1330 3992 aeque
1346 3920 1496 3994 sequenda,
1513 3919 1557 3975 vel
1571 3920 1599 3974 in
1622 3919 1689 3977 fidei
1713 3921 1804 3996 regula

1003 4009 1045 4066 vel
1061 4010 1088 4064 in
1112 4010 1333 4066 observationum
1348 4009 1480 4065 doctrina.
1504 4010 1554 4064 Est
1578 4009 1662 4064 etiam
1676 4009 1725 4067 ille
1742 4009 1804 4066 ordo

1003 4098 1153 4155 officiorum
1169 4099 1311 4165 laudabili,
1328 4115 1411 4171 quam
1428 4099 1524 4153 beatus
1547 4097 1626 4154 Pater
1645 4099 1806 4156 Benedictus

1002 4188 1146 4244 monachis
1173 4188 1312 4243 constituit
1334 4186 1547 4253 observandum,
1573 4187 1682 4243 scilicet
1707 4195 1737 4243 ut
1763 4185 1806 4261 qui

153 4273 182 4330 in
197 4273 304 4331 caeteris
318 4271 394 4342 liunt,
408 4271 521 4328 tristitiae
529 4270 656 4326 videlicet
666 4267 851 4340 significandae
859 4286 950 4337 causa,
999 4277 1141 4350 proposito
1164 4292 1180 4331 a
1204 4276 1312 4332 caeteris
1338 4277 1540 4342 discernuntur,
1563 4275 1647 4331 etiam
1671 4277 1805 4333 continua

152 4361 204 4419 nisi
218 4362 311 4435 aliquo
324 4360 446 4435 graviori
460 4360 582 4416 decreto.
599 4357 668 4427 Quia
678 4373 744 4414 vero
767 4366 841 4414 tanta
862 4367 903 4414 est
925 4358 953 4414 in
1005 4366 1143 4421 servitutis
1158 4380 1244 4437 panso
1259 4365 1363 4437 aliquid
1377 4364 1494 4436 amplius
1509 4364 1616 4420 caeteris
1645 4365 1804 4436 persolvere

151 4458 218 4532 ipsis
231 4458 377 4516 diversitas
387 4457 492 4525 officiis,
510 4472 565 4512 non
580 4456 670 4511 solurn
685 4447 986 4528 provarietategen·D
1004 4463 1141 4518 studeant.
1159 4461 1247 4530 Quam
1262 4461 1470 4533 dispositionem
1489 4460 1551 4517 ideo
1566 4476 1583 4518 a
1597 4463 1807 4532 pastoribusec·

152 4557 219 4612 tium
233 4573 266 4613 ac
283 4557 448 4628 linguarum,
471 4554 661 4613 verumetiam
680 4554 709 4608 in
731 4570 783 4609 una
805 4561 886 4628 gente
909 4555 952 4610 vel

153 4656 257 4739 lingua,
272 4671 322 4728 pro
337 4664 490 4727 temporum
510 4654 666 4721 mutatione,
691 4653 735 4709 vel
759 4653 952 4727 magistrorum

155 4754 274 4811 studiosa
297 4754 487 4810 institutione:
512 4762 540 4808 ut
555 4753 577 4808 si
592 4753 675 4809 velim
698 4761 794 4809 cuncta
818 4753 952 4825 replicare

155 4867 216 4923 quae
230 4851 263 4907 de
278 4853 327 4908 hac
341 4850 537 4922 multiplicitate
549 4851 605 4920 jam
625 4849 751 4922 legimus,
773 4848 861 4922 magis
883 4866 952 4906 orte·

153 4962 232 5003 rosus
243 4965 321 5022 quam
336 4949 543 5021 profructuosus
557 4949 650 5005 videar
664 4948 815 5004 audituris:
831 4948 952 5004 omittam

155 5044 236 5117 igitur
251 5063 311 5117 quae
324 5047 428 5102 infinita
443 5056 514 5113 sunt,
533 5048 704 5103 boematum
726 5047 862 5103 affirmans
879 5049 952 5121 quod

154 5142 293 5216 plenarius
312 5143 459 5201 officiorum
482 5147 561 5211 ordo,
577 5147 623 5218 qui
643 5161 714 5202 uuna
732 5162 782 5217 per
800 5147 952 5202 Romanum

155 5239 249 5297 orbem
273 5248 402 5308 servatur,
414 5251 475 5312 post
488 5243 681 5315 ,antiquitatem
704 5243 794 5299 mullis
822 5244 952 5316 tempori·

151 5355 204 5414 pus
223 5337 356 5395 evolutam
389 5337 507 5393 instiutis
526 5348 553 5395 et
581 5341 614 5395 ad
633 5343 743 5397 omnem
776 5342 952 5398 eminentiam

156 5447 257 5496 sancte
271 5435 413 5511 religionis
428 5445 469 5491 est
483 5436 617 5493 dilatatus.
633 5439 780 5496 Crescente
798 5440 870 5495 euim
886 5439 953 5495 hde-

156 5537 220 5591 lium
236 5551 360 5603 numero,
376 5544 402 5590 et
416 5533 528 5589 haeresis
543 5536 695 5604 pestilentia
714 5536 888 5609 multiplicius
902 5553 953 5609 pa-

157 5648 217 5695 cem
251 5635 403 5694 maculante
440 5631 607 5705 catholicam,
638 5647 751 5690 necesse
782 5645 840 5691 erat
860 5636 954 5711 augeri

1004 4559 1150 4617 elesiarum
1165 4575 1220 4614 non
1235 4559 1360 4614 interdici
1375 4567 1503 4631 putamus
1517 4558 1581 4631 quia
1596 4568 1624 4614 et
1648 4559 1742 4617 vicina
1765 4568 1803 4616 est

1003 4658 1155 4716 auctoritati
1170 4660 1307 4725 Romanae,
1317 4658 1341 4715 ei
1358 4657 1530 4731 quiabaatus
1546 4656 1702 4729 Gregorius
1719 4659 1805 4715 Vitem

1004 4757 1116 4831 egregie
1132 4756 1219 4811 Patris
1233 4755 1373 4812 Benedicti
1387 4755 1557 4821 describens,
1572 4754 1720 4830 Regulam‘
1731 4756 1764 4812 ab
1774 4771 1805 4812 eo

1003 4854 1196 4924 conscriptam,
1212 4853 1239 4907 ia
1254 4868 1308 4926 qua
1327 4852 1400 4908 idern
1424 4850 1575 4908 officiorum
1589 4851 1661 4908 ordo
1676 4853 1800 4918 babetur,

1003 4951 1162 5008 collaudans
1177 4967 1227 5006 sua
1248 4950 1420 5016 auctoritate,
1446 4950 1553 5006 statutis
1572 4949 1634 5021 ejus
1656 4949 1751 5008 terere
1765 4951 1804 5007 ri-

1003 5049 1089 5104 detur.
1108 5049 1175 5103 Sunt
1190 5057 1279 5104 tamen
1299 5049 1357 5120 qui,
1382 5047 1475 5104 nescio
1501 5063 1556 5120 qua
1580 5047 1803 5120 presumptione,

1003 5162 1059 5202 non
1072 5162 1104 5202 ea
1125 5146 1209 5202 velint
1233 5145 1424 5202 constitutione
1446 5146 1494 5213 uti,
1518 5145 1645 5202 volentes
1668 5146 1804 5221 pigritiam

1003 5244 1047 5301 vel
1062 5244 1263 5316 protervitatem
1279 5243 1409 5298 suamillo
1424 5259 1554 5300 excusare
1565 5243 1715 5316 permissu,
1729 5243 1801 5317 quod

1004 5343 1191 5400 sanctissimus
1206 5344 1247 5399 vir
1262 5360 1312 5415 per
1327 5342 1486 5397 humilitatis
1510 5358 1568 5398 suae
1585 5342 1804 5417 magnitudinem

1004 5442 1112 5498 videtur
1125 5442 1288 5507 concedere,
1304 5448 1332 5496 ut
1356 5440 1379 5496 si
1393 5440 1436 5497 cui
1459 5439 1630 5512 displicuerit
1652 5441 1806 5497 distributio

1004 5541 1061 5609 ejus
1077 5555 1159 5613 quam
1174 5538 1238 5595 lecit
1253 5539 1428 5611 psalmomm‚
1444 5539 1551 5594 ordinet
1566 5539 1590 5594 si
1609 5539 1690 5595 aliter
1711 5539 1806 5595 melius

1000 5637 1179 5707 judicaverim
1203 5637 1280 5711 quasi
1296 5637 1427 5711 quiddam
1443 5635 1541 5696 rochus
1556 5638 1676 5713 possint,
1702 5653 1804 5713 suoque
