3772 6112
118 270 169 329 tas

591 261 727 320 atossa
745 262 951 322 oabtrtattta.
971 293 1006 306 -
1024 265 1156 323 EVANG.
1176 265 1305 322 1111111.

1716 238 1768 325 aaa

115 394 165 450 sed
179 399 207 449 et
221 400 338 465 propter
351 388 532 448 celebriorem
544 389 638 461 populi
662 396 825 447 conventum
840 386 956 462 qua-A
1003 391 1088 448 Vsus.
1104 393 1149 451 21.
1164 422 1199 435 -
1214 394 1246 449 le
1265 393 1423 450 Beelzebub.
1449 392 1522 462 beel,
1547 392 1575 448 id
1599 399 1650 462 est,
1677 392 1743 449 Baal
1759 407 1766 449 :

118 498 184 539 rens
198 481 318 537 salutem
333 479 464 536 omnium.

153 571 241 627 Vnus.
259 573 303 625 tt.
314 599 350 611 -
363 570 429 639 Quis
439 570 505 624 erit.
517 566 687 639 Competeuti
698 566 822 638 exemplo
837 565 918 623 solvit

115 659 307 734 quaestionem,
333 665 363 714 ut
386 673 435 713 eos
458 657 583 713 ostendat
607 656 752 712 sabbatum
772 655 876 711 violare
890 655 919 711 in

114 765 201 822 opere
216 747 384 820 cupiditatis,
401 746 447 818 qui
462 761 525 802 eum
539 745 643 801 violare
658 753 777 818 arguunt
791 745 819 800 in
834 760 917 816 opere

115 835 270 895 eharitatis.
288 835 386 909 Arguit
400 851 448 891 eos
468 835 513 906 qui
535 834 626 907 legem
647 834 719 889 male
733 834 918 905 interpretan-

115 933 171 996 tur,
189 925 238 998 qui
252 923 388 981 dicuntia
403 923 519 979 sabbato
542 923 651 979 abonis
666 923 795 994 operibus
817 922 918 978 ferian-

115 1015 193 1071 dum.
210 1014 267 1070 Sed
282 1011 393 1069 amalis
408 1019 513 1067 tantum
527 1011 680 1067 feriandum
695 1020 750 1078 est;
766 1012 839 1067 unde
854 1011 920 1068 dici·

115 1111 184 1159 tar:
203 1103 293 1160 Omne
307 1119 374 1174 opas
398 1102 499 1157 servile
517 1117 576 1157 aaa
589 1103 702 1174 facietis
718 1103 749 1156 ia
768 1117 799 1157 co
816 1102 915 1172 (lauit.

112 1191 211 1264 xxru).
228 1191 260 1247 ld
275 1197 325 1258 εει,
342 1197 495 1262 peccatum.
512 1189 557 1246 Sic
582 1195 608 1245 et
632 1189 660 1244 in
674 1197 777 1246 aeterua
791 1189 886 1262 requie
901 1203 919 1245 a

110 1280 193 1336 malis
208 1286 317 1335 tautum
330 1277 510 1346 feriabuntur,
527 1294 582 1333 nou
597 1294 613 1333 a
628 1278 719 1334 bouis.

151 1370 239 1425 Vnus
257 1372 301 1423 13.
317 1399 352 1408 -
366 1368 505 1424 Erteada.
531 1366 602 1435 Quia
623 1367 660 1421 nil
675 1367 736 1437 plus
751 1366 823 1422 valet
838 1381 918 1423 cura·

112 1457 181 1514 tioni
196 1456 438 1529 eleemosynarum
459 1454 596 1529 largitate,
622 1455 694 1511 unde
718 1454 818 1511 dicitur
835 1472 841 1510 :
858 1457 917 1513 Noa

113 1550 153 1604 sit
162 1563 271 1602 manas
282 1550 333 1601 tua
347 1545 583 1618 odaccipieadam
592 1548 733 1618 porrecta,
744 1545 792 1600 scd
802 1545 838 1600 ad
848 1544 918 1600 dan·

113 1635 183 1692 dum
197 1634 412 1706 collectaOEccl.
428 1636 477 1704 tv).
494 1632 563 1702 Quia
570 1633 672 1688 frustra
681 1648 733 1704 pro
742 1633 863 1705 peccatis
873 1650 918 1690 ro·

113 1732 232 1799 gaturus
248 1739 347 1779 manus
361 1723 396 1778 ad
411 1722 498 1790 Deum
514 1721 651 1794 expandit,
668 1722 714 1793 qui
736 1722 786 1777 has
801 1723 836 1778 ad
850 1738 956 1805 pau-B

114 1830 197 1887 peres
211 1828 266 1885 pro
280 1827 364 1885 posse
377 1827 432 1866 nou
447 1811 576 1867 extendit.

149 1931 232 1987 Sicut
248 1929 352 1984 altera.
370 1928 458 1983 Homo
472 1934 535 1982 ante
549 1927 696 1984 adrentum
712 1927 812 1984 Christi
825 1928 919 1983 dexte·

116 2034 177 2075 ram
191 2017 292 2074 habuit
306 2016 475 2090 languidam,
492 2015 557 2088 quia
571 2015 606 2070 ab
629 2015 810 2087 eleemosynis
823 2023 919 2088 torpe-

116 2107 163 2164 bat
179 2124 186 2163 τ
203 2105 347 2162 sinistram
362 2120 458 2161 sanam
474 2104 538 2177 quia
552 2120 609 2161 suae
618 2104 726 2160 utilitati
742 2105 917 2162 intendebat:

116 2197 166 2254 sed
189 2195 319 2252 veniente
343 2193 451 2251 Christo
474 2194 588 2250 dextera
611 2200 724 2249 sanatur
741 2200 771 2248 ut
784 2193 918 2251 sinistra:

120 2286 183 2359 quia
198 2284 275 2358 quod
290 2290 510 2358 congregaverat
520 2282 608 2351 avide,
620 2283 703 2339 modo
712 2281 849 2338 distribuit
858 2284 921 2340 cha·

117 2375 208 2432 ritate.

150 2491 239 2547 Vnus.
257 2493 302 2546 ta.
318 2517 354 2530 -
368 2491 490 2546 Recessit
512 2488 588 2544 inde.
604 2485 676 2542 Nota
697 2485 852 2558 exemplum
868 2503 874 2541 :
891 2486 921 2543 st

114 2597 162 2639 uos
175 2581 323 2654 persecuti
337 2582 406 2635 saal
421 2580 453 2634 ia
467 2594 527 2634 aaa
541 2578 668 2644 civitate,
680 2577 771 2648 stipite
785 2578 817 2632 ia
832 2576 921 2631 aliam

115 2670 227 2741 (lfattlr.
245 2668 285 2739 x).
303 2668 401 2724 Sacrati
415 2670 493 2722 saal.
510 2664 590 2722 Docti
604 2664 670 2722 risis
693 2663 839 2720 virtutibus
857 2679 921 2735 per·

119 2765 284 2830 seqauntur,
300 2755 403 2812 indocti
428 2754 554 2826 opinione
577 2754 636 2823 ejus
650 2753 725 2810 ducti
745 2751 863 2809 amando
878 2769 922 2809 se·

117 2854 253 2920 quantur,
269 2844 344 2900 unde
358 2851 386 2900 et
399 2844 490 2901 curari
504 2849 654 2899 merentur.

154 2963 243 3018 Vnus.
260 2964 306 3018 16.
322 2990 357 3002 -
372 2961 408 3018 at
422 2962 567 3034 pracepit.
579 2959 642 3015 Non
657 2958 764 3027 timore,
780 2974 815 3015 ne
830 2958 924 3030 prodi·

116 3060 159 3107 tus
165 3050 351 3119 occideretur,
363 3047 557 3121 sedparoendo
566 3047 677 3117 iudeis,
684 3046 915 3103 nainvidiatruoi·

115 3140 249 3197 darentur
272 3139 302 3194 in

117 3229 234 3302 mystice
248 3243 301 3284 nos
315 3225 434 3296 instruit,
450 3242 485 3282 ne
501 3241 564 3283 cnm
579 3224 681 3297 aliquid
700 3223 919 3298 magnifacimus,

120 3317 233 3376 laudem
246 3314 316 3373 foris
329 3330 494 3387 quaeramus.

161 3437 250 3493 Vara.
266 3438 312 3491 ta.
323 3464 359 3476 -
372 3433 567 3491 lnimoemcce.
583 3431 763 3489 Peranimam
777 3431 867 3489 omnis
882 3430 922 3487 al·

114 3523 201 3583 factm
213 3524 430 3580 demonstratur.

151 3614 238 3670 Vnus.
254 3615 302 3671 11.
318 3641 353 3654 -
367 3611 554 3668 arundinem.
566 3609 685 3680 ludaeos,
702 3610 867 3667 omnireato
878 3625 923 3667 ce·

116 3702 222 3771 denes,
240 3701 289 3774 qui
304 3700 340 3756 ab
363 3699 482 3756 invicem
504 3700 688 3771 discrepando
711 3698 835 3770 dissipati
849 3706 921 3768 sunt,

116 3807 170 3848 non
193 3806 259 3847 mox
283 3788 435 3857 damnabit,
466 3788 515 3844 εε1
541 3787 721 3860 supportabit.
747 3787 924 3844 Arandiacm

117 3885 292 3954 quarratam.
309 3878 362 3949 Qui
378 3878 504 3950 peccanti
528 3893 584 3933 nou
599 3877 718 3950 porrigit
735 3892 856 3946 manum,
872 3890 925 3933 uec

122 3976 210 4040 portat
225 3984 297 4024 onus
313 3965 417 4035 fratris,
439 3972 599 4039 quassatum
613 3965 750 4021 calamum
764 3965 922 4039 confringit.

123 4056 155 4112 lit
169 4057 215 4130 qui
230 4056 297 4113 fidet
312 4055 450 4112 modicam
474 4054 619 4112 scintillam
643 4054 791 4110 contemnit
814 4054 842 4109 in
856 4068 924 4125 par·

120 4145 196 4217 mdis,
221 4145 310 4201 buum
335 4143 474 4218 fumigans
505 4142 639 4215 extinguit
667 4160 673 4198 :
699 4142 774 4215 quod
801 4142 925 4198 Christus

122 4247 173 4291 nou
185 4233 260 4304 fecit,
279 4234 326 4306 qui
343 4233 434 4307 potius
458 4232 531 4289 venit
550 4248 675 4304 quaerere
698 4231 771 4305 quod
785 4231 923 4303 perierat

124 4322 276 4394 patientiam
291 4337 411 4395 namque
435 4321 565 4390 serravit,
591 4320 680 4377 donec
701 4319 835 4390 iudicium
850 4318 924 4392 qnod

125 4409 193 4468 ineo
208 4411 354 4485 agebatur,
372 4410 408 4467 ad
423 4409 566 4466 victoriam
580 4408 746 4481 perveniret,
764 4416 789 4463 et
807 4408 921 4480 expulso

128 4499 212 4556 mundi
226 4499 351 4573 principe
362 4499 399 4555 ad
409 4514 525 4572 regnum
540 4497 651 4566 rediret,
666 4497 694 4553 in
708 4496 822 4553 dextera
832 4496 923 4553 Patris

131 4587 228 4656 εε1εεε,
245 4588 335 4645 donec
350 4594 435 4660 ponat
458 4586 583 4644 inimicos
607 4584 658 4641 sub
672 4585 798 4659 pedibus.
820 4587 924 4642 binam

134 4676 274 4749 [ammana.
298 4676 412 4746 Gentes,
429 4690 499 4748 quas
512 4674 644 4731 naturalis
668 4674 737 4748 legis
752 4674 852 4730 ardore
866 4673 924 4731 fere

136 4764 238 4822 cameto
272 4764 365 4822 fumus
393 4763 496 4820 erroris
525 4763 736 4833 amarissimus,
773 4770 799 4818 et
831 4762 925 4818 odoris

138 4853 220 4909 nodus
237 4853 351 4911 involuit
367 4870 374 4908 ε
391 4869 461 4926 quas
482 4868 538 4908 non
562 4852 697 4921 exstinxit,
723 4852 772 4907 sed
790 4851 825 4908 de
838 4866 925 4924 parva

140 4940 236 4999 cuttu
258 4942 287 4998 in
304 4958 437 5017 magnum
461 4941 589 4998 ardorem
612 4940 685 5015 iguis
709 4939 758 4996 Dei
773 4940 922 4998 suscitarit·

142 5025 223 5087 lorea.
242 5031 350 5088 londin
364 5031 525 5102 pradicatio
548 5031 607 5101 ejus
621 5029 703 5085 nullis
717 5028 822 5085 insidiis
842 5047 925 5102 supe-

143 5120 297 5176 ratamundo
316 5119 399 5188 lucet,
425 5119 512 5176 donec
535 5126 619 5191 ponat
642 5119 670 5174 in
693 5127 767 5174 terra
779 5118 922 5188 judicium,

143 5209 161 5256 et
171 5204 308 5279 impleatur
335 5210 422 5266 :Fe'at
445 5209 576 5265 voluntas
592 5213 651 5278 faa,
676 5209 751 5265 sicat
768 5209 925 5266 incolcet

143 5288 250 5353 iaterrc.

166 5379 237 5441 laus.
254 5389 300 5444 22.
320 5415 355 5426 —
369 5387 404 5441 at
419 5387 540 5442 curauit.
565 5384 630 5440 Tria
651 5383 731 5458 signa
752 5383 832 5440 simul
850 5383 924 5442 facta

968 495 1136 552 muscarum,
1153 481 1189 537 ob
1212 482 1309 538 sordes
1332 481 1495 537 immolatitii
1519 480 1660 554 sanguinis
1676 497 1683 536 τ
1699 480 1769 537 deus

967 577 1008 625 est
1022 572 1158 641 accaron,
1175 587 1231 643 quo
1244 571 1355 627 nomine
1380 577 1478 627 vocant
1492 571 1646 643 principem
1666 570 1770 627 demo·

968 659 1086 716 niorum.

1003 775 1088 829 Vaas.
1113 778 1159 832 25.
1180 805 1215 817 -
1231 774 1318 831 Omne
1341 790 1469 846 raparum.
1499 773 1666 830 Necessaria
1694 788 1770 830 com·

968 863 1094 935 plexione
1109 879 1157 918 eas
1179 864 1279 936 arguit.
1301 863 1351 919 Vel
1372 863 1446 918 enim
1461 863 1588 918 Christus
1606 863 1706 919 tirtute
1720 860 1772 918 Dei

968 954 1107 1009 daemones
1123 952 1204 1022 ejicit,
1222 953 1265 1008 rel
1275 951 1301 1007 in
1312 952 1437 1024 principe
1447 951 1656 1007 daemoniorum.
1672 951 1701 1007 Si
1715 950 1771 1006 rir-

968 1050 1025 1097 tute
1039 1042 1100 1108 Dei,
1117 1041 1220 1096 frustra
1244 1042 1454 1098 calumniantur.
1476 1040 1504 1097 Si
1526 1039 1555 1095 in
1569 1039 1693 1111 principe
1716 1039 1772 1096 dae·

968 1130 1132 1195 moniorum,
1149 1146 1267 1203 regnum
1281 1131 1339 1199 ejus
1353 1130 1471 1185 divisum
1485 1136 1537 1199 est,
1552 1143 1604 1184 neo
1618 1127 1701 1183 stabit
1718 1143 1725 1183 :
1741 1134 1769 1182 ει

967 1218 1031 1274 ideo
1052 1233 1068 1273 a
1092 1235 1179 1291 reguo
1203 1219 1261 1287 ejus
1277 1218 1407 1274 recedant
1423 1234 1430 1275 ε
1447 1218 1520 1290 quod
1541 1217 1628 1272 innuit
1650 1230 1699 1273 eos
1717 1213 1770 1272 sibi

968 1308 1098 1382 elegisse,
1114 1308 1179 1363 dum
1193 1307 1222 1363 in
1236 1324 1266 1362 se
1281 1323 1335 1363 non
1351 1307 1476 1364 credunt.

1004 1422 1090 1479 Vnae.
1106 1424 1236 1481 aa-at
1246 1425 1337 1480 amaia
1348 1425 1458 1479 ciuitas.
1474 1421 1580 1476 Eadem
1594 1420 1663 1476 ratio
1677 1426 1719 1475 εει
1728 1419 1768 1476 ci·

969 1511 1060 1567 ritatis
1075 1519 1101 1567 et
1115 1513 1223 1583 domus,
1240 1511 1397 1585 quaeregni.
1415 1510 1516 1566 Civitas
1530 1509 1681 1565 Jerusalem
1697 1523 1769 1563 sem·

970 1616 1020 1671 per
1034 1601 1165 1674 gloriosa,
1182 1610 1328 1674 postquam
1342 1600 1370 1655 in
1385 1599 1523 1656 Christum
1538 1607 1564 1654 et
1578 1599 1606 1654 iu
1620 1596 1767 1670 Apostolos
1857 1646 1860 1651 ,

971 1689 1081 1759 exarsit,
1098 1690 1170 1746 facta
1184 1690 1326 1758 divisione,
1344 1689 1449 1746 excidio
1464 1687 1572 1744 cecidit.

1006 1780 1091 1835 Vnas.
1108 1781 1153 1837 at.
1166 1810 1191 1822 -
1205 1782 1239 1836 aa
1253 1780 1278 1835 si
1292 1782 1385 1851 epeia
1413 1778 1570 1835 Beelzebub.
1596 1776 1624 1833 Si
1645 1774 1768 1848 expulsio

969 1869 1123 1924 daemonum
1137 1869 1165 1922 in
1179 1867 1241 1923 filiis
1256 1869 1353 1923 restris
1363 1870 1422 1924 Deo
1436 1882 1491 1922 non
1505 1865 1675 1922 daemonibus
1685 1866 1767 1937 depa-

969 1965 1049 2024 tatur,
1064 1973 1146 2031 quare
1161 1957 1189 2012 iu
1212 1974 1256 2014 me
1276 1958 1348 2014 idem
1372 1973 1441 2028 opus
1463 1956 1589 2011 eamdem
1605 1971 1660 2012 non
1683 1954 1766 2012 habet

968 2061 1078 2103 causam
1095 2047 1109 2102 i

1004 2137 1070 2209 lpsi,
1087 2143 1138 2191 etc.
1155 2135 1372 2208 Contemptibilia
1387 2134 1480 2190 mundi
1493 2133 1535 2199 fia
1550 2132 1649 2207 quibus
1672 2140 1766 2190 sancta

971 2225 1132 2297 simplicitas
1145 2241 1215 2280 meae
1228 2225 1333 2280 virtutis
1347 2231 1469 2296 apparet.
1486 2224 1535 2279 Vel
1550 2223 1587 2278 ita
1601 2223 1709 2295 potius:
1727 2221 1767 2278 tt-

969 2313 1007 2381 lii,
1020 2313 1048 2368 id
1063 2320 1114 2380 est,
1129 2313 1251 2385 Apostoli
1266 2313 1312 2385 qui
1325 2313 1395 2368 bene
1410 2312 1462 2367 sibi
1475 2311 1578 2369 conscii
1593 2319 1678 2378 erant,
1699 2309 1767 2367 nihil

969 2402 1050 2458 malae
1063 2401 1130 2456 artis
1143 2402 1178 2457 ab
1193 2418 1226 2457 eo
1239 2401 1367 2458 didicisse
1383 2419 1389 2454 :
1407 2401 1468 2457 ideo
1477 2401 1529 2473 ipsi
1540 2407 1624 2456 testes
1633 2400 1687 2455 mei
1696 2398 1767 2470 judi·

972 2491 1016 2558 cii,
1030 2491 1183 2560 judicantes
1196 2489 1340 2546 duodecim
1355 2489 1441 2545 tribus
1455 2489 1550 2544 lsrael.

1005 2579 1091 2636 Vnus.
1106 2583 1151 2636 28.
1163 2580 1236 2635 -Si
1250 2583 1414 2650 autemeqo.
1437 2578 1487 2633 llla
1501 2592 1566 2648 pars
1584 2594 1591 2631 :
1608 2576 1639 2633 Si
1662 2590 1711 2649 eqo
1731 2576 1765 2631 ιἰι

975 2668 1122 2724 Beelzebub
1134 2669 1214 2740 ejicio
1225 2669 1376 2732 demones,
1392 2667 1428 2722 ad
1449 2667 1527 2737 plura
1548 2662 1766 2722 inconvenientia

970 2756 1102 2828 perducta
1116 2763 1168 2824 cat,
1183 2757 1265 2812 modo
1279 2755 1368 2827 agitur
1382 2756 1417 2811 de
1430 2755 1484 2811 alia
1497 2763 1574 2826 parte
1596 2752 1765 2824 complexio·

971 2846 1024 2901 nis.
1036 2846 1065 2902 Si
1079 2850 1175 2902 aufem
1185 2862 1231 2917 eqo
1244 2846 1348 2918 spirita
1362 2846 1420 2900 Dei.
1432 2844 1481 2899 liic
1495 2844 1582 2899 Lucas
1589 2841 1626 2896 ait
1647 2858 1655 2896 t
1672 2842 1705 2897 ia
1720 2840 1768 2896 di·

971 2936 1030 3007 pito
1043 2934 1110 3007 (lac
1119 2934 1173 3006 xt).
1183 2934 1291 3006 Digitus
1321 2933 1417 2989 dicitur
1430 2931 1545 3004 Spiritus
1565 2938 1674 2986 sauctus
1703 2944 1766 3000 pro·

972 3023 1117 3094 partitione
1132 3023 1275 3078 donorum.
1289 3022 1415 3095 Regnum
1430 3020 1542 3088 llei‚rel
1556 3020 1677 3091 seipsum
1690 3017 1765 3074 dicit.

326 3139 385 3207 ejus
408 3136 563 3195 innocentia
586 3143 614 3194 eg
627 3135 845 3193 mansuetudine,
865 3106 950 3192 ffigss
964 3111 1043 3169 Unde
1052 3112 1115 3167 alibi
1127 3131 1134 3179 ;
1146 3112 1335 3168 lfcdiasiater
1344 3127 1390 3167 voc
1399 3112 1489 3176 stetit,
1499 3107 1758 3182 qaamuosaescitir

971 3203 1048 3273 (Lac.
1065 3216 1106 3268 xt,
1121 3203 1201 3259 loca.
1217 3200 1316 3271 illel,
1331 3215 1446 3271 regnum
1456 3197 1530 3270 quod
1537 3198 1658 3253 loannes
1669 3204 1696 3252 ει
1703 3196 1763 3268 ipse

971 3286 1769 3361 Jesuspraedioavit.Poeaitcatiamcpite:appropinquabit

972 3379 1049 3435 caim
1062 3395 1183 3452 repetam
1197 3379 1331 3435 calorem
1346 3377 1455 3448 (natta.
1469 3378 1543 3440 xxi).
1560 3376 1609 3431 Est
1624 3373 1765 3430 ettertium

972 3483 1089 3541 reguum
1101 3467 1246 3539 Scriptura
1266 3464 1453 3537 sanctae,quod
1465 3463 1587 3520 aufertur
1600 3478 1616 3518 a
1627 3461 1728 3519 ludaeis
1742 3469 1770 3518 ει

973 3555 1053 3612 datur
1067 3556 1142 3628 genti
1157 3554 1265 3612 facienti
1277 3554 1469 3623 fructuchus.
1481 3552 1531 3610 Vel
1544 3567 1668 3625 regnum,
1677 3550 1763 3617 idest,

972 3659 1068 3700 omnes
1082 3644 1177 3699 muudi
1190 3650 1293 3714 partes,
1308 3643 1444 3713 apostolis
1459 3650 1485 3697 et
1499 3640 1705 3698 successoribus
1720 3653 1767 3697 eo·

973 3750 1032 3789 ram
1049 3734 1084 3788 ad
1098 3732 1311 3788 convertendum
1335 3731 1481 3785 distribuit.

1009 3822 1094 3878 Vana.
1109 3823 1153 3878 19.
1166 3821 1264 3875 —Aat
1278 3819 1411 3893 qteomodo
1426 3821 1525 3891 potest.
1549 3816 1675 3872 Ostendit
1696 3830 1765 3890 ergo

973 3910 1106 3967 Dominus
1120 3925 1170 3981 per
1182 3907 1353 3963 manifestam
1369 3906 1539 3979 parabolam,
1552 3906 1626 3980 quod
1639 3919 1767 3962 uouoon·

975 3999 1071 4056 cordat
1084 3999 1112 4054 in
1128 3996 1219 4053 fallaci
1241 3996 1401 4067 operatione
1420 4011 1481 4053 cum
1506 3995 1674 4053 daemonibus
1697 3993 1767 4050 sicut

975 4088 1218 4153 calumniabantur,
1234 4086 1284 4141 sed
1306 4085 1404 4141 virtute
1432 4085 1579 4141 divinitatis
1600 4083 1725 4140 homines
1751 4095 1769 4137 a

974 4176 1108 4233 daemonio
1122 4175 1267 4242 liberarem
1283 4173 1399 4245 ideoque
1412 4174 1514 4246 grande
1529 4174 1620 4231 scelus
1641 4170 1768 4230 commit·

973 4273 1041 4335 tunt,
1058 4264 1105 4337 qui
1119 4263 1192 4337 quod
1206 4264 1256 4319 Dei
1275 4279 1337 4319 esse
1359 4270 1553 4335 cognoverant,
1578 4260 1680 4318 diaboli
1702 4274 1765 4316 esse

975 4353 1137 4411 clamabant.
1154 4352 1249 4425 Neque
1264 4352 1336 4408 enim
1357 4359 1472 4422 possunt
1491 4368 1553 4408 εεεε
1580 4348 1729 4408 concordes
1759 4365 1766 4402 :

932 4467 959 4529 D
975 4458 1089 4516 quorum
1103 4456 1187 4513 opera
1201 4441 1307 4497 diversa
1318 4448 1389 4495 suut.
1399 4441 1476 4496 Unde
1486 4440 1580 4496 addit:
1596 4439 1649 4507 ρει
1658 4453 1715 4496 aaa
1725 4439 1768 4493 est

973 4546 1094 4598 mecam,
1112 4539 1163 4587 etc.

1008 4622 1127 4678 nomam
1141 4621 1219 4675 illas.
1236 4617 1285 4673 Vel
1300 4617 1421 4685 domum,
1445 4616 1473 4672 id
1496 4623 1547 4687 est,
1562 4629 1658 4673 omnes
1671 4612 1767 4671 mundi

972 4717 1063 4781 partes
1077 4707 1213 4779 Apostolis
1228 4715 1255 4762 et
1269 4721 1364 4762 eorum
1384 4704 1588 4762 successoribus
1604 4705 1639 4760 ad
1655 4719 1766 4762 conver·

973 4797 1086 4855 tendum
1108 4794 1251 4852 distribuit.

1009 4886 1095 4942 Vana.
1112 4887 1200 4940 31-
1212 4885 1264 4953 Qui
1277 4899 1336 4940 aon
1349 4887 1393 4939 eat
1406 4899 1526 4949 mecam,
1539 4890 1590 4940 etc.
1607 4882 1639 4939 ld
1652 4889 1702 4950 est,
1718 4879 1766 4954 qui

973 4974 1117 5031 dissimilia
1128 4973 1196 5028 meis
1212 4971 1272 5028 facit
1286 4987 1380 5044 opera,
1411 4971 1565 5029 contrarius
1591 4971 1658 5027 mihi
1686 4979 1727 5027 εει
1756 4988 1763 5027 :

973 5064 1018 5120 ille
1034 5063 1115 5120 trahit
1128 5062 1163 5118 ad
1178 5060 1251 5128 vitia,
1268 5076 1321 5133 ego
1334 5062 1370 5117 ad
1392 5060 1517 5118 virtutes.

1010 5181 1094 5236 Vnus.
1109 5178 1288 5235 til-Omne
1298 5182 1479 5251 peccatamet
1493 5175 1675 5250 blasphemio.
1687 5174 1769 5245 Quod

972 5270 1093 5325 humana
1106 5268 1249 5340 fragilitate
1268 5266 1444 5332 contrahitur,
1474 5265 1636 5322 remissibile
1664 5271 1714 5333 eat,
1745 5263 1769 5319 si

973 5358 1149 5432 congregatio
1161 5372 1218 5413 uon
1232 5355 1383 5412 deseratur.
1399 5356 1426 5410 Si
1443 5370 1507 5411 vero
1522 5353 1656 5414 diabolica
1679 5352 1767 5410 obsti·

147 5478 190 5524 aaut
204 5491 262 5545 quae
276 5482 304 5530 ει
320 5473 441 5545 quotidie
456 5473 484 5528 in
493 5473 684 5544 conversione,
696 5473 836 5529 hominum
845 5473 923 5544 fiunt,
973 5447 1082 5503 ”aime
1097 5446 1131 5502 de
1146 5445 1317 5518 dispersme
1331 5444 1365 5500 ad
1379 5445 1621 5516 ⁰⁰n3feg³²i⁰¹¹em
1630 5453 1767 5512 ”unffi

144 5561 279 5702 ltqtgupulao
303 5561 427 5617 damone
450 5561 543 5618 lumen
567 5561 631 5618 fidei
654 5561 765 5619 videant
788 5569 815 5618 ει
836 5563 924 5619 Deum

163 5660 176 5699 a
189 5657 239 5706 ont.

973 5535 1087 5603 reditur,
1102 5543 1246 5607 peccatum
1260 5533 1406 5590 insolubile
1424 5532 1572 5603 judicatur.

1008 5649 1446 5726 (Hma.)0maepcceatam.liou
1455 5649 1665 5720 omniapeccata
1680 5639 1767 5701 omui·
