3772 6112
166 230 221 286 'ttb
435 223 639 283 waburmnl
652 223 774 281 sinum
790 222 893 282 FULD.
909 222 996 281 ΜΘΝ.
1013 221 1090 280 ΟΡΡ.
1108 219 1198 279 PARS
1212 221 1234 278 1.
1250 249 1285 265 -·
1298 219 1536 278 THEOLOGma.
1775 220 1826 275 rte

167 365 258 424 neque
275 318 537 423 fatigantur⁸rerum
560 346 737 415 obscuritate,
762 346 812 403 sed
834 361 969 404 exercen·
983 348 1012 411 Α
1056 344 1142 402 Vnus.
1159 347 1236 400 1.-
1253 346 1305 415 Qui
1319 344 1459 401 dicarunt
1475 344 1605 416 itnpuam
1618 345 1760 408 nostram,
1771 348 1822 398 etc.

167 447 220 508 tur,
250 454 340 513 neque
366 434 496 494 inflantur
522 435 693 511 cognitione,
721 435 772 493 sed
799 434 968 493 confirman-
1018 433 1135 507 Superbi
1162 434 1309 506 hypocritae
1337 432 1536 505 significantur,
1570 432 1600 487 in
1623 444 1755 486 sermone
1776 445 1824 486 suo

167 535 222 586 tur.
1018 539 1096 596 spem
1110 530 1243 595 ponentes
1256 522 1291 579 ad
1304 522 1431 579 hominos
1445 510 1682 594 decipiendos,‘et
1696 521 1756 577 Deo
1768 535 1820 576 non

203 617 289 674 Vens.
306 620 333 673 c.
350 615 538 673 -Dominus
558 614 720 687 interrogat
729 615 844 688 justum
864 617 894 671 ct
914 615 970 671 irn-
1018 619 1082 669 sunt
1096 612 1207 668 subditi.

164 707 257 781 pium,
273 712 325 762 eto.
342 703 413 774 Quid
432 719 499 776 ergo
520 687 678 773 metuinius,
703 718 739 758 ne
763 701 866 775 aliquid
889 701 969 758 nobis
1053 702 1138 757 Vnus.
1155 704 1182 757 6.
1200 730 1236 743 -
1249 703 1370 774 Propter
1383 701 1531 758 miseriam
1544 702 1678 774 inopum,
1696 704 1750 755 111.
1767 697 1820 756 1111

167 794 258 851 obsint
272 791 357 864 impii,
374 792 398 847 si
411 791 481 848 torte
495 789 638 849 nobiscum
653 798 826 847 sacramenta
840 806 896 847 non
910 790 969 846 sin·
1018 790 1054 848 de
1081 805 1199 862 persona
1224 789 1275 846 Dei
1299 789 1386 845 Patris
1409 789 1610 861 accipiendum,
1638 787 1688 861 qni
1711 793 1820 860 proptor

167 897 231 941 cero
246 881 329 938 corde
346 879 558 947 communicant,
574 879 684 954 quando
698 879 744 936 ille
760 879 911 952 interrogat
921 879 969 950 ju·
1018 874 1117 953 inopes
1131 886 1158 935 et
1170 894 1319 952 pauperes,
1335 879 1363 934 id
1377 885 1428 946 est,
1446 878 1538 949 inopia
1551 885 1579 934 et
1593 883 1760 949 paupertate
1774 875 1819 933 bo·

166 977 239 1027 stum
253 978 280 1027 et
293 969 415 1041 impium,
432 977 458 1027 ct
473 969 570 1026 auimae
585 976 688 1026 tanturn
703 985 760 1026 suae
776 977 857 1027 nocet
880 968 969 1026 dilec-
1020 983 1120 1024 norum
1133 967 1314 1039 spiritualium
1328 975 1451 1040 egentes,
1468 966 1566 1022 Filium
1580 982 1663 1022 suum
1677 963 1761 1020 misit

166 1067 208 1119 tor
221 1056 395 1131 iniquitatis?
1056 1059 1166 1113 Ponam
1180 1059 1212 1112 in
1227 1056 1361 1122 soluturi,
1378 1063 1430 1112 ete.
1447 1056 1480 1111 ln
1503 1056 1640 1122 satutari,
1666 1053 1697 1109 in
1718 1051 1821 1110 chesn

202 1149 289 1205 Vnus.
304 1149 332 1204 t.
349 1177 384 1189 -
398 1147 482 1204 Pluct
500 1162 587 1220 super
606 1150 778 1221 peccatores,
795 1153 848 1203 etc.
872 1147 968 1214 Ptuct,
1018 1144 1209 1217 accipiendum
1222 1144 1422 1202 estseonndnm
1432 1143 1498 1199 illud
1511 1142 1821 1217 :quiavideruntocuti

166 1237 203 1295 ad
216 1237 301 1295 rerba
319 1236 525 1309 praedicantium
539 1235 630 1292 retulit
652 1234 723 1291 coelo
736 1235 883 1303 manantia,
908 1251 970 1307 qum
1021 1236 1080 1291 mai
1093 1236 1221 1292 satutare
1233 1236 1330 1302 tuum,
1339 1233 1429 1305 inquo
1439 1232 1601 1305 intelligitur
1610 1230 1741 1304 posuisse
1750 1229 1819 1304 qnod

165 1326 219 1401 piis
233 1325 335 1382 imbres
349 1333 412 1381 sunt
429 1324 521 1380 :male
536 1331 627 1380 autem
637 1324 850 1397 intelligentibus
860 1331 970 1379 autnon
1021 1322 1056 1379 ad
1079 1322 1217 1378 miseriam
1239 1322 1351 1394 inopum
1372 1320 1551 1378 auferendam
1574 1327 1603 1377 et
1615 1319 1820 1392 consolandum

168 1414 344 1473 credentibus
357 1413 458 1487 laquei.
475 1411 516 1467 Illi
525 1412 597 1468 enim
612 1412 682 1467 bene
692 1411 870 1484 intelligendo
879 1413 907 1467 in
916 1410 969 1468 ilde
1019 1412 1151 1485 gemitum
1167 1425 1317 1482 pauperum
1332 1409 1459 1482 pertinet.
1474 1410 1665 1468 Fiduciaiitsr
1678 1423 1747 1466 vero
1768 1410 1820 1481 cpit

166 1502 329 1561 tructificant
345 1519 352 1558 :
367 1500 413 1558 isti
426 1500 497 1557 male
518 1501 659 1558 tractando
681 1501 786 1556 animas
801 1518 864 1556 suas
887 1501 970 1557 modo
1020 1510 1052 1566 tn
1066 1526 1107 1579 30,
1121 1509 1272 1567 secundum
1287 1508 1354 1565 illud
1368 1508 1397 1564 in
1410 1507 1564 1582 Evangelio
1579 1525 1588 1564 z
1602 1509 1677 1564 Erat
1689 1506 1769 1564 enirn
1780 1505 1820 1565 do

166 1591 352 1666 perversitatis
381 1589 560 1664 strangulant.
589 1591 674 1645 Poena
700 1605 767 1646 vero
804 1605 900 1646 corum
928 1597 970 1645 est
1020 1615 1087 1655 cen,
1103 1614 1148 1655 003
1166 1603 1304 1672 tanquam
1317 1602 1488 1671 potestatem
1511 1598 1627 1654 babens.

167 1690 248 1755 atque
262 1680 369 1747 exitus,
386 1696 437 1753 per
451 1695 518 1752 quos
533 1678 737 1751 blasphematur
750 1694 850 1734 nomen
864 1678 925 1744 Dei,
940 1685 1010 1770 utB
1057 1688 1143 1744 Vnus,
1163 1688 1191 1743 ’1,
1207 1716 1242 1728 -
1256 1688 1375 1760 Eloquia
1388 1687 1511 1754 Domini,
1527 1687 1641 1760 etoquia
1663 1689 1754 1753 casta,
1769 1691 1817 1743 111

166 1771 284 1845 primum
299 1769 478 1841 cupiditatum
494 1784 603 1823 suarum
617 1770 682 1840 tpne
700 1774 849 1834 vastentur,
866 1766 965 1823 deinde
1024 1778 1117 1843 Casta,
1141 1775 1233 1831 idest
1264 1775 1339 1831 nullo
1363 1774 1513 1832 adulterata
1535 1772 1695 1843 mendacio,
1722 1773 1771 1830 sed
1789 1774 1820 1830 ad

166 1856 577 1928 111110111111011111111111110111
593 1864 664 1912 111111
677 1855 818 1911 1111011111
832 1855 966 1925 1111111111·
1015 1864 1104 1921 vicem
1119 1864 1237 1936 argenti,
1254 1863 1328 1936 quod
1342 1863 1520 1932 examinatur,
1544 1861 1720 1935 septemplici
1743 1861 1820 1935 Spiri-

166 1954 219 2014 tur,
248 1953 387 2019 postremo
414 1945 517 2015 arrepti
548 1951 629 2016 atque
653 1944 788 2000 submersi
813 1943 967 2000 ineffabiles
1017 1961 1060 2009 tus
1074 1953 1161 2010 sancti
1176 1953 1240 2024 igne
1254 1952 1379 2024 probata.
1397 1952 1476 2022 Quod
1490 1958 1583 2008 autem
1596 1951 1635 2006 ait
1651 1967 1659 2005 τ
1673 1950 1820 2024 probatum

167 2049 264 2108 poeucs
279 2034 354 2090 luant
370 2049 377 2090 :
393 2034 453 2090 haec
467 2033 539 2089 enim
552 2040 671 2106 pareest
684 2033 782 2089 11111111
796 2048 903 2090 eorum·
917 2033 968 2090 Ca·
1018 2046 1111 2109 tarra,
1127 2040 1296 2098 manifestius
1316 2040 1452 2098 Hebraioa
1476 2040 1560 2098 editio
1582 2039 1687 2114 posuit,
1711 2056 1819 2115 separa

170 2124 253 2180 ticam
279 2129 369 2178 autem
392 2129 522 2194 proptera
544 2127 611 2193 puto
639 2121 812 2194 appellatum,
844 2137 879 2177 ne
902 2120 967 2193 quid
1018 2136 1080 2188 tum
1095 2148 1113 2187 a
1128 2135 1215 2189 tm

167 2219 267 2284 preter
280 2211 392 2267 modum
407 2217 489 2282 atque
504 2225 658 2265 mensuram
674 2209 718 2265 vel
732 2210 759 2264 in
774 2209 841 2282 ipsis
865 2224 967 2282 pecca·
1053 2221 1139 2276 1111,
1163 2224 1189 2276 a,
1205 2249 1240 2260 -
1257 2221 1305 2287 Tu,
1322 2220 1450 2291 bomine,
1465 2219 1588 2277 somatis
1612 2234 1677 2287 nos,
1693 2224 1749 2276 etc.
1772 2217 1818 2278 liic

167 2305 255 2356 torum
269 2298 411 2371 suppliciis
423 2315 472 2371 per
485 2297 605 2356 divinam
626 2297 825 2370 providentiam
846 2296 907 2355 fieri
919 2310 967 2355 ttr-
1017 2316 1147 2381 tanquam
1162 2308 1260 2382 inopes
1275 2316 1302 2365 et
1316 2324 1462 2381 pauperes,
1476 2308 1516 2365 ibi
1529 2316 1666 2381 tanquam
1678 2306 1818 2381 opulentos

168 2387 309 2444 bitremur.
1019 2405 1046 2454 et
1060 2397 1168 2454 divites.

204 2478 289 2533 VERS·
311 2481 337 2532 8·
353 2504 389 2517 ·
405 2476 543 2544 0110111111
553 2477 652 2548 jumi
674 2477 821 2544 Dominus,
845 2483 899 2532 111·
914 2476 968 2531 ΡΓΟ
1053 2486 1140 2542 Vsus.
1156 2489 1183 2541 9.
1203 2516 1237 2527 -
1252 2486 1285 2542 ln
1299 2487 1424 2543 circuitu
1436 2487 1520 2560 impii
1533 2486 1697 2555 ambutant,
1717 2493 1774 2544 etc.
1791 2485 1819 2543 is

164 2565 246 2637 iustis
254 2567 380 2639 justitie
398 2564 586 2637 intelliguntur
609 2563 715 2636 positae.
730 2565 760 2619 ln
779 2564 870 2620 multis
895 2562 969 2620 enim
1018 2576 1144 2633 circuitu
1162 2574 1322 2632 amputant,
1338 2576 1369 2631 ld
1391 2583 1443 2646 est,
1465 2575 1493 2631 in
1515 2575 1712 2647 temporalium
1733 2590 1820 2632 rerum

164 2654 246 2725 justis
261 2663 391 2727 tanquam
405 2654 497 2709 multae
508 2653 619 2723 justitie
633 2654 760 2710 videntur
775 2669 846 2720 esse,
863 2668 927 2710 curn
934 2652 970 2708 sit
1018 2663 1175 2735 cupiditate,
1192 2680 1253 2735 quae
1266 2672 1371 2737 septem
1385 2664 1491 2720 dierum
1505 2663 1623 2736 repetito
1633 2664 1750 2722 circuitu
1767 2672 1820 2720 tau·

167 2758 224 2800 una
237 2743 298 2810 net,
315 2743 393 2812 cuius
407 2757 503 2798 omnes
517 2742 680 2814 1111111111
697 2758 703 2797 =
720 2750 850 2814 tanquam
869 2741 893 2797 st
915 2756 969 2796 111
1019 2752 1315 2824 111111111111111,
1338 2760 1365 2808 11
1378 2751 1441 2808 ideo
1455 2768 1511 2810 111
1526 2754 1694 2825 perveniunt
1711 2753 1820 2812 111111

167 2830 250 2887 iacies
264 2831 400 2887 intueatur
413 2831 493 2902 plura
507 2830 629 2902 specula,
647 2831 721 2903 quod
730 2830 758 2885 iu
772 2830 819 2886 illa
829 2830 970 2904 singulare
1019 2858 1093 2909 vam,
1108 2840 1136 2896 id
1153 2840 1235 2896 estin
1250 2848 1394 2908 aeternurn,
1409 2858 1459 2913 pro
1474 2857 1529 2915 qua
1541 2842 1595 2899 iste
1611 2842 1742 2915 psalrnus
1768 2843 1822 2898 titu-

60 2948 63 2954 ·
168 2927 220 2988 est,
236 2920 270 2976 de
284 2919 339 2976 illis
350 2918 472 2991 pluribus
487 2918 630 2991 pluraliter
644 2919 776 2975 redditur.
798 2919 893 2976 Facies
917 2934 970 2974 au·
1019 2929 1091 2985 latus
1103 2936 1154 2984 est,
1168 2931 1399 3003 Multiptmantur
1412 2939 1501 2987 autem
1515 2932 1573 3002 filii
1593 2933 1758 3000 bominum,
1773 2931 1821 2988 hoc

139 3018 144 3028 ·
168 3016 223 3065 tem
235 3007 286 3064 Dei
306 3016 348 3064 est
375 3008 506 3079 potentia,
536 3022 590 3079 1111
617 3007 708 3079 dignis
735 3007 889 3065 1111101θὸ111·
917 3009 971 3063 Aut
1020 3025 1070 3085 est,
1084 3017 1150 3088 justi
1163 3018 1319 3076 secundam
1337 3019 1522 3078 altitudinem
1535 3019 1597 3092 Dei,
1624 3021 1739 3094 1111111111
1762 3026 1821 3078 eunt

169 3105 247 3154 certe
259 3100 422 3170 equitatem
436 3096 612 3152 aidituuttus
628 3098 698 3168 ejus,
712 3096 845 3168 quianon
858 3113 888 3153 se
902 3111 972 3169 prm·
1020 3106 1055 3164 de
1070 3107 1169 3164 virtute
1181 3107 1210 3164 in
1220 3107 1356 3166 virtutem.

169 3185 214 3242 bet
239 3184 462 3259 cognoscendum
484 3183 583 3255 malis,
609 3183 658 3240 sed
682 3184 771 3241 bonis.
795 3187 831 3241 Et
852 3185 912 3258 ipsa
930 3193 973 3245 est

169 3275 297 3348 aquarn.
1270 3299 1487 3359 1111111111
1509 3299 1571 3357 xn.

421 3416 458 3471 IN
477 3415 645 3474 PSALMUM
663 3416 712 3472 XL
1055 3471 1142 3527 Vsus.
1160 3474 1238 3526 1.-
1255 3468 1819 3544 Usquequo,Dominc,obtiuiscerirntsin

205 3559 308 3617 Octava
321 3566 411 3631 potest
425 3559 541 3633 intelligi
550 3559 609 3615 dies
620 3558 726 3631 iudicii,
735 3564 781 3615 aut
796 3566 870 3615 certe
880 3559 972 3616 livan-
1019 3559 1128 3629 finem?
1143 3566 1195 3615 etc.
1211 3559 1241 3613 ld
1256 3565 1298 3615 est
1312 3558 1406 3615 differs
1421 3574 1465 3614 me
1479 3558 1514 3613 ad
1527 3556 1742 3630 intelligendum
1751 3555 1820 3613 tnn-

170 3648 289 3722 gelicam
301 3647 522 3720 predicationem
537 3647 646 3722 figurat,
658 3649 687 3703 in
701 3647 852 3720 quatudaei
865 3648 909 3706 vel
919 3648 973 3704 ha
1020 3656 1092 3703 stum
1107 3647 1294 3720 spiritualiter,
1314 3647 1360 3720 qui
1374 3654 1416 3703 est
1438 3645 1572 3718 sapientia
1594 3646 1657 3717 Dei,
1685 3653 1714 3703 et
1738 3653 1820 3703 rectus

143 3783 146 3787 .
169 3737 246 3794 retici
260 3736 421 3810 decalogum
433 3736 504 3810 legis
517 3735 743 3810 transgrediendo
757 3736 871 3793 velutin
885 3737 973 3793 unde·
1021 3735 1083 3792 finis
1098 3735 1187 3793 omnis
1202 3735 1359 3792 intentionis
1372 3735 1479 3792 animae.
1489 3736 1624 3792 Auertere
1639 3735 1820 3809 enimsacicnt

167 3825 246 3882 nario
256 3841 371 3881 numero
380 3825 451 3896 lapsi
461 3832 533 3880 suut.
545 3827 622 3881 Unde
633 3842 734 3899 corpus
744 3825 887 3894 Ecclesiae,
897 3826 971 3897 quod
1020 3826 1094 3882 Deus
1109 3824 1218 3895 dicitnr,
1235 3825 1300 3880 dum
1313 3840 1368 3881 non
1383 3824 1430 3881 dat
1445 3823 1543 3880 anirnae
1556 3824 1681 3880 notitiam
1696 3823 1750 3893 sui,
1764 3837 1819 3897 qua

167 3913 246 3970 unius
261 3921 288 3970 et
302 3913 377 3970 vocis
392 3921 419 3969 et
433 3913 534 3980 cordis,
550 3914 697 3971 Dominum
720 3922 791 3984 orat,
807 3922 837 3970 ut
860 3914 896 3970 ab
920 3929 970 3972 eo·
1020 3914 1109 3971 adhuc
1123 3930 1223 3986 purum
1237 3913 1336 3970 mentis
1346 3913 1455 3971 oculum
1470 3912 1634 3969 nonhabet.

168 4019 228 4059 rum
242 4002 415 4058 damnatione
431 4002 564 4074 eripiatur
580 4020 587 4057 ε
1058 4005 1141 4060 Vnus.
1157 4007 1184 4061 2.
1200 4035 1235 4043 —
1251 4003 1383 4071 Quamdiu
1395 4019 1500 4076 ponant
1523 4002 1679 4058 consilium
1704 4004 1737 4058 in
1760 3999 1817 4058 cni·

204 4092 290 4147 Vnus.
305 4094 332 4148 2.
349 4121 384 4131 -
399 4091 513 4148 Saluum
534 4107 579 4147 mc
603 4094 659 4163 sac,
686 4092 813 4161 Domino,
825 4092 968 4164 quonia-ns,
1019 4108 1077 4158 ma,
1093 4099 1145 4147 etc.
1161 4090 1281 4147 Consilio
1296 4107 1350 4147 non
1365 4106 1433 4163 opus
1448 4099 1490 4146 est
1505 4089 1557 4145 nisi
1571 4089 1600 4144 in
1615 4090 1750 4147 adversis.
1771 4089 1818 4145 Er·

170 4189 223 4238 etc.
240 4180 349 4250 Defecit
362 4183 491 4246 sanctus,
507 4178 534 4233 id
549 4186 591 4234 est
605 4195 660 4234 uon
684 4178 831 4249 invenitur,
849 4179 919 4235 sicut
933 4178 971 4235 lo
1020 4196 1065 4253 go,
1082 4179 1209 4253 guandiu
1222 4197 1326 4253 portant
1347 4180 1500 4237 consitium
1514 4181 1546 4236 tn
1569 4180 1673 4235 anima
1687 4195 1762 4246 mea,
1784 4178 1817 4233 111

173 4269 290 4342 quimur,
307 4284 369 4324 cum
384 4267 501 4323 dicimus
515 4285 522 4322 :
538 4267 817 4332 deiecitirumeutum,
834 4276 881 4324 aut
894 4267 944 4324 dei
958 4298 970 4309 -
1020 4268 1120 4324 dicitur
1131 4287 1137 4322 :
1150 4268 1271 4340 quandiu
1281 4268 1366 4325 eroin
1376 4266 1519 4325 adversis?
1529 4269 1581 4324 Aut
1592 4275 1669 4324 certe
1680 4264 1819 4340 responsio

166 4357 204 4415 cit
222 4357 349 4430 pecunia.
366 4357 475 4412 Veritas
493 4364 584 4412 autem
594 4372 648 4411 una
663 4363 716 4421 est,
734 4372 788 4429 qua
803 4356 970 4411 illustrantur
1020 4363 1070 4424 est,
1088 4364 1117 4412 nt
1129 4356 1181 4412 isto
1197 4357 1230 4411 sit
1246 4373 1343 4413 sensus
1360 4375 1367 4412 ε
1382 4357 1497 4422 Tandiu,
1513 4355 1641 4422 Domine,
1652 4353 1820 4414 obbusceris

168 4446 268 4503 animae
280 4452 393 4502 sanmae.
419 4445 473 4501 Sed
497 4445 627 4517 qnoniam
653 4444 745 4500 multa
767 4453 830 4500 sunt
859 4445 967 4512 animae,
981 4431 1064 4501 Dme
1086 4444 1219 4514 induem,
1242 4453 1269 4502 et
1288 4444 1380 4501 tandiu
1401 4445 1502 4502 avertis
1516 4444 1617 4502 taciem
1638 4452 1749 4501 tuama
1768 4458 1819 4513 me,

167 4535 196 4590 in
209 4535 278 4608 ipsis
292 4534 383 4590 multae
399 4536 532 4591 veritates
556 4533 611 4589 dici
625 4541 758 4605 possunt;
776 4534 846 4590 sicut
858 4533 894 4590 ab
916 4548 972 4589 una
1021 4534 1140 4607 quandiu
1155 4549 1256 4606 ponam
1270 4534 1413 4590 consilium
1426 4534 1455 4589 in
1469 4534 1558 4589 anima
1571 4549 1645 4601 mea,
1660 4542 1692 4589 ut
1704 4533 1820 4606 perfecte

171 4622 242 4680 facie
256 4623 348 4680 multae
362 4623 391 4678 in
405 4622 524 4695 speculis
536 4622 672 4696 imagines
686 4631 827 4694 apparent.
1021 4631 1149 4695 operetur
1160 4623 1387 4678 miscricordiam.
1409 4623 1471 4678 Non
1495 4638 1557 4678 eum
1580 4621 1677 4695 dirigit
1701 4623 1775 4678 Dens
1795 4620 1822 4676 in

205 4713 292 4767 Vnus.
312 4716 339 4768 3.
357 4741 392 4754 -·-
415 4714 491 4769 Vana
514 4713 601 4769 locuti
611 4716 679 4768 sunt
702 4712 904 4785 unusquisque,
916 4719 969 4769 etc.
1021 4711 1114 4793 tinem,
1129 4727 1219 4783 neque
1233 4711 1357 4767 notitiam
1371 4710 1412 4766 sui
1427 4711 1548 4783 plenam,
1564 4710 1639 4782 quod
1652 4718 1698 4766 est
1711 4707 1822 4767 taciead

172 4803 340 4859 Proximum
355 4816 465 4859 omnem
479 4801 618 4856 hominem
632 4807 739 4872 oportet
756 4801 881 4873 intelligi,
907 4801 973 4872 quia
1022 4799 1128 4868 faciem,
1149 4800 1254 4871 praebet
1268 4799 1316 4855 illi.
1341 4802 1371 4856 ln
1385 4815 1419 4856 eo
1442 4800 1534 4869 etiarn,
1559 4799 1634 4871 quod
1656 4798 1821 4874 subjungit:

170 4905 252 4946 nemo
267 4898 308 4946 est
321 4906 384 4947 cum
400 4905 453 4962 quo
469 4889 504 4945 sit
518 4889 688 4961 operandum
697 4889 810 4957 malum,
822 4897 849 4945 et
858 4890 972 4947 ditectio
1022 4889 1145 4946 dotorem
1160 4890 1192 4945 in
1206 4888 1287 4946 corde
1296 4905 1357 4946 ntea
1371 4905 1422 4961 per
1435 4888 1520 4956 dmm,
1537 4887 1712 4958 subauditur,
1736 4903 1821 4962 quun·

169 4979 296 5048 proximi
309 4980 419 5035 malurn
433 4995 492 5035 non
505 4983 648 5051 operatur.
665 4977 745 5048 Quod
759 4987 850 5034 autem
862 4977 905 5034 bis
915 4978 971 5035 ait:
1022 4976 1069 5032 diu
1083 4977 1208 5049 ponam?
1220 4978 1273 5032 Per
1286 4977 1359 5032 diem
1373 4993 1439 5032 vero
1458 4985 1506 5033 aut
1528 4977 1767 5034 continuationem
1786 4976 1822 5033 si·

173 5065 207 5120 in
221 5064 302 5121 corda
316 5071 345 5122 ct
358 5067 450 5137 corde,
466 5067 566 5138 duplex
580 5083 629 5124 cor
652 5066 787 5141 significat
804 5084 811 5124 :
827 5068 874 5140 qui
899 5067 973 5124 enim
1022 5064 1145 5140 gnificat,
1161 5073 1206 5121 aut
1220 5066 1281 5122 dies
1296 5081 1347 5138 pro
1361 5073 1483 5138 tempore
1496 5065 1672 5139 intelligitur,
1687 5081 1706 5123 a
1727 5079 1782 5140 quo
1794 5079 1824 5120 sc

172 5151 201 5207 in
216 5151 300 5208 corde
314 5168 364 5210 sno
379 5155 430 5210 scit
443 5171 538 5210 verum
552 5171 624 5223 esse,
640 5156 714 5227 quod
728 5172 822 5212 verum
838 5162 890 5225 est,
905 5171 974 5228 quo·
1023 5155 1085 5227 quis
1099 5153 1258 5211 desiderans
1272 5153 1334 5211 exui
1349 5154 1473 5211 dolorem
1486 5153 1564 5226 ponit
1576 5153 1607 5210 in
1621 5155 1717 5222 eorde,
1729 5152 1825 5226 depre-

171 5240 317 5298 dammodo
331 5241 385 5298 alio
406 5242 490 5299 corde
510 5259 657 5316 suppressa
670 5243 785 5302 veritate
807 5244 872 5305 dolo
891 5244 973 5301 insti-
1023 5258 1090 5300 cans
1103 5244 1139 5299 ad
1152 5251 1255 5301 aeterm
1268 5244 1455 5301 conscendere
1469 5235 1659 5301 etbumsnsm
1681 5242 1824 5301 diemnon

171 5337 254 5404 gente
268 5330 408 5387 mentitur.
1022 5331 1089 5406 pati.

206 5428 392 5484 11111.1.--
407 5428 555 5499 Dispcrdat
571 5432 707 5487 Dominus
730 5433 864 5489 uniuersa
888 5433 972 5504 tabia,
1059 5430 1145 5486 Vnus.
1162 5433 1187 5485 3.
1204 5460 1239 5470 -
1256 5431 1397 5505 Dignaque
1410 5431 1589 5490 cantantur
1603 5431 1755 5502 iuimicus,
1771 5440 1823 5491 etc.

171 5524 226 5575 etc.
244 5518 381 5576 Universa
395 5515 473 5585 dixit,
489 5531 525 5572 ne
538 5517 599 5588 quis
613 5527 797 5591 seexceptum
809 5522 974 5593 1111111111-
1024 5519 1160 5576 Inimicus
1174 5516 1227 5574 iste
1240 5518 1366 5576 diabolus
1380 5528 1432 5590 est,
1447 5519 1507 5578 sive
1520 5519 1641 5595 populus
1654 5520 1768 5597 impius,
1783 5519 1826 5581 111

166 5623 257 5696 111111
270 5615 361 5668 numm
372 5604 586 5679 magniloquam
599 5607 757 5679 superbiam
768 5608 901 5682 intellige.
1024 5607 1195 5666 consuetudo
1217 5607 1348 5666 carnalis.
