3772 6112
105 248 162 301 aas
494 208 496 212 ’
588 244 722 302 aaossa
738 244 1100 304 oraminis-aroc,
1115 246 1274 305 ioannis.
1709 254 1762 308 rio

107 369 172 437 vita,
197 384 259 441 quae
282 377 344 425 ante
365 377 416 438 est,
448 369 555 441 seipsos
583 369 742 426 edificando
755 371 884 427 dedicant
900 388 907 425 τ
924 370 952 432 Α
999 373 1083 428 Vsus.
1100 376 1145 430 23.
1160 364 1195 415 -ss
1210 374 1275 429 lllos
1290 388 1353 429 aero
1369 373 1486 429 salvate.
1503 373 1614 445 Eosqni
1629 389 1684 430 non
1699 384 1764 431 sunt

107 457 190 514 electi
213 474 278 513 vero
306 457 492 514 aedificationis
514 475 570 514 suae
592 459 792 516 dedicationem
813 460 842 514 in
858 458 911 516 fine
961 461 1080 516 damnati
1104 461 1175 532 apud
1204 462 1300 530 Deum,
1325 461 1373 517 sed
1397 462 1477 517 etiam
1503 478 1591 535 prope
1615 463 1714 518 eadunt
1735 464 1763 521 iu

109 547 255 618 temporis,
269 547 297 602 id
308 556 349 602 est
364 548 391 602 in
407 548 522 618 septimo
538 555 705 618 exspectant..
960 550 1063 622 ignem,
1080 551 1176 606 docete
1192 559 1219 606 ut
1233 551 1340 623 seipsos
1351 551 1477 606 liberent.

147 637 217 693 Ecce
228 638 307 692 eeall
316 637 462 692 Dominus.
481 637 593 705 (Beni.)
608 638 677 691 Vera
688 637 819 692 sententia
837 637 911 708 quod
997 642 1029 696 ln
1040 642 1150 697 timere.
1176 642 1287 712 (Bana.)
1303 642 1360 697 Hoc
1374 640 1408 695 ad
1422 640 1515 712 priora
1535 640 1580 696 illa
1608 640 1698 697 omnia
1712 641 1763 697 ad-

106 725 244 781 Dominus
259 733 358 797 arguet
371 725 480 796 impios,
498 725 568 780 etde
584 726 721 797 operibus,
743 734 807 795 ete,
824 742 912 799 aseae
957 729 1129 802 jungendum
1142 737 1192 784 est.
1209 731 1289 796 Nam,
1305 738 1369 796 etc,
1395 746 1482 803 aseae
1500 730 1536 786 ad
1554 746 1589 787 ne
1604 729 1675 788 forte
1702 731 1764 804 plus

107 813 146 871 ad
160 813 224 870 licet
239 813 311 869 enim
329 813 409 869 etiam
423 814 458 870 de
478 814 642 886 apocryphis
665 814 850 871 testimonium
865 830 911 872 ve·
957 819 1031 888 justo
1046 819 1089 875 vel
1105 835 1218 876 severus
1235 819 1342 885 existat,
1360 818 1403 874 vel
1415 818 1487 890 pius.

108 902 197 959 sitatis
212 918 332 959 sumere.
997 907 1128 964 Odia-ales
1139 925 1211 963 earn.
1228 908 1288 963 Non
1314 923 1413 978 corpus
1429 914 1551 962 nostrum
1566 906 1658 963 odisse
1683 909 1764 966 debe

144 999 231 1057 vm,
251 1003 293 1055 15,
310 1030 345 1041 ..
372 1000 408 1056 m
427 1003 504 1057 sunt,
531 999 559 1056 Si
580 999 709 1056 fratribus
730 1000 911 1072 aliqujdboni
960 1007 1029 1060 mus,
1047 991 1095 1046 sed
1110 991 1272 1046 maculatum
1286 1007 1357 1057 esse,
1379 999 1408 1046 ut
1436 991 1638 1048 immaculatum
1667 993 1766 1049 redda-

107 1089 234 1161 contigit,
251 1096 422 1144 murmurant
441 1097 467 1144 et
482 1097 694 1161 conqueruntur,
712 1090 788 1161 quasi
803 1105 853 1144 sua
872 1090 911 1147 le·
960 1096 1031 1149 mus,
1048 1088 1077 1135 ul
1092 1080 1244 1136 (1113111311
1266 1080 1407 1151 511111ῑῦ111
1436 1080 1575 1137 efficiatur·
1601 1078 1680 1150 Q¹¹0d
1709 1096 1764 1138 11011

106 1174 199 1232 licitas
214 1174 362 1229 inillorum
384 1175 563 1245 prosperitate
578 1173 724 1230 minuatur.
741 1175 823 1231 Avari
838 1175 911 1231 enim
960 1169 1047 1224 nostri
1061 1169 1167 1224 arbitrii
1176 1177 1321 1241 potestate,
1336 1170 1385 1225 sed
1397 1170 1446 1226 Dei
1461 1171 1551 1242 gratia
1566 1168 1762 1242 perficiendum

96 1263 220 1337 (quibus
234 1263 301 1319 nihil
316 1261 425 1335 suffieit)
439 1263 520 1319 etiam
535 1264 569 1318 ab
577 1263 637 1319 aliis
648 1263 779 1319 invident.
962 1265 1014 1313 est.

145 1369 232 1428 veis.
250 1372 293 1425 ta.
308 1399 344 1411 -
357 1370 497 1442 Spiritum
512 1387 570 1426 noa
585 1372 727 1426 babentes.
745 1369 813 1439 Quia
824 1369 909 1441 Spiri·
997 1365 1081 1419 Vsus.
1098 1365 1218 1421 lb-la
1233 1366 1436 1422 exsultatione.
1449 1364 1524 1434 Quos
1538 1365 1765 1437 superiusmone·

108 1467 168 1515 tum
197 1466 321 1515 sanetum
334 1460 399 1531 (quo
418 1467 604 1532 congregatur
618 1458 744 1515 Ecclesia
763 1458 911 1530 spiritualis
960 1452 1005 1508 hat
1029 1453 1056 1507 in
1079 1453 1174 1509 timore
1188 1453 1246 1511 Deo
1269 1455 1380 1520 servire,
1412 1453 1476 1510 dicit
1504 1455 1706 1511 constituendos
1732 1456 1761 1513 in

107 1541 234 1614 efficitur)
249 1557 304 1597 non
319 1542 429 1611 habent,
441 1543 503 1599 ideo
518 1541 659 1608 animales,
677 1541 765 1610 inscii,
783 1558 837 1598 non
847 1557 911 1614 pro·
960 1540 1149 1612 exsultatione,
1168 1542 1229 1614 quia
1246 1551 1347 1614 quanto
1365 1542 1454 1615 magis
1480 1543 1577 1614 trepidi
1603 1545 1638 1600 de
1660 1544 1765 1600 actibus

106 1631 243 1698 videntes,
259 1630 321 1688 ideo
331 1630 462 1702 defluunt,
479 1631 541 1704 quia
551 1631 695 1705 coagulum
706 1631 842 1687 charitatis
856 1647 911 1688 non
960 1629 988 1685 in
1013 1630 1141 1701 praesenti
1167 1630 1309 1698 fuerimus,
1341 1640 1415 1687 tanto
1443 1632 1557 1704 amplius
1585 1632 1613 1687 in
1626 1632 1717 1690 laturo
1732 1633 1767 1690 de

106 1719 221 1776 babent.
917 1744 944 1806 Β
960 1727 1088 1791 percepta
1103 1720 1230 1776 mercede
1240 1720 1401 1776 laetabimur.

141 1834 229 1892 Vana.
245 1838 290 1892 20.
310 1863 346 1876 -
363 1834 629 1906 superaedificantes
648 1837 838 1907 vosmelipsos,
856 1841 910 1890 ele.
998 1827 1086 1882 Vsas.
1103 1829 1151 1883 25.
1171 1856 1207 1867 -
1223 1827 1319 1883 Gloria
1333 1832 1361 1884 el
1376 1828 1600 1899 maaraifieeetia.
1613 1827 1642 1883 Si
1657 1828 1764 1885 hahetis

105 1923 281 1981 AEdilicantes
309 1939 359 1979 vos
377 1901 466 1994 ‘ipsos
499 1923 526 1979 in
562 1922 641 1979 bonis
671 1923 798 1995 operibus
829 1939 912 1994 super
962 1914 1078 1988 gloriam
1094 1930 1169 1984 purae
1186 1914 1249 1970 lidei
1265 1923 1292 1970 et
1307 1916 1480 1972 conscientie
1496 1923 1522 1971 et
1533 1915 1761 1990 magnificentiam

106 2013 314 2069 fundamentum
330 2011 404 2081 fidei,
416 2020 445 2067 ut
453 2012 559 2083 lapides
569 2012 623 2068 vivi
636 2012 776 2084 ponamini
791 2013 911 2068 indomo
961 2003 990 2058 in
1004 2003 1172 2074 Operatione,
1185 2012 1212 2059 et
1226 2003 1368 2076 imperium
1396 2021 1479 2077 super
1507 2004 1698 2074 infirmitatem,
1719 2006 1764 2063 vel

106 2102 168 2159 Dei.
185 2103 218 2158 1η
232 2102 343 2175 spirita
356 2106 460 2158 sanato
482 2106 606 2158 orantes,
619 2102 653 2158 Ut
673 2103 708 2156 de
728 2102 824 2157 vestris
846 2100 912 2157 viri.
962 2108 1043 2164 super
1069 2093 1218 2159 daemones,
1236 2102 1262 2149 et
1286 2102 1447 2165 potestatem
1470 2094 1614 2150 resistendi
1630 2095 1703 2150 vitiis
1718 2095 1762 2152 vel

105 2191 159 2246 bus
172 2206 226 2246 nou
243 2191 425 2262 praesumatis,
441 2189 490 2245 sed
511 2190 611 2246 divinae
633 2191 753 2246 tuitionis
774 2190 910 2259 adjutorio
961 2182 1118 2249 l⁰r10libssss
1144 2182 1213 2248 000,
1237 2198 1292 2237 11011
1321 2190 1410 2239 aulem
1445 2183 1522 2239 vobis
1545 2184 1690 2254 impulere,
1719 2183 1765 2257 qui

107 2275 236 2347 speretis,
253 2290 309 2329 non
331 2291 381 2347 per
402 2290 451 2329 vos
481 2275 581 2330 salvari
595 2282 730 2346 putantes,
742 2275 792 2329 sed
805 2275 910 2330 adven·
960 2278 1023 2325 ante
1037 2278 1166 2341 tempora,
1183 2270 1365 2340 inpraesenti,
1388 2280 1489 2342 etpost
1510 2271 1600 2327 omnia
1615 2281 1761 2346 tempora,

106 2371 165 2419 tum
181 2363 298 2434 Spiritus
313 2363 400 2419 saneti
414 2363 443 2418 in
457 2378 506 2419 vos
522 2364 616 2436 petite,
634 2379 687 2435 quo
715 2363 838 2434 inspirati
865 2380 910 2419 ar·
961 2366 1003 2415 est
1016 2358 1152 2430 gloriosus
1180 2359 1209 2414 in
1236 2359 1363 2425 essentia,
1389 2359 1550 2431 magnificus
1564 2360 1592 2415 in
1621 2361 1759 2433 operibus,

107 2451 217 2507 dendus
232 2452 315 2507 oretis
330 2469 364 2508 ne
380 2468 442 2509 eum
460 2453 502 2508 his
519 2453 565 2525 qui
586 2453 715 2525 Spiritum
732 2468 787 2510 non
800 2452 909 2524 hahent,
960 2448 1100 2519 imperans
1116 2456 1168 2502 tam
1184 2447 1337 2505 volentibus
1350 2464 1430 2521 quam
1445 2449 1610 2517 nolentibus,
1628 2458 1655 2506 et
1664 2459 1761 2521 potens

107 2537 142 2591 ab
157 2536 283 2593 Ecclesia
299 2537 494 2611 segregemini.
962 2536 1006 2593 eui
1020 2536 1087 2591 nihil
1101 2537 1213 2593 resistit.

648 2825 983 2900 APOCALYPSIS.
1001 2827 1045 2899 B.
1073 2827 1281 2902 JOANNIS.

301 3096 490 3156 pp0L0GUS
504 3098 710 3156 flfflpoppppfl·
923 3084 1048 3151 comnis
1060 3083 1172 3139 inferior
1185 3091 1235 3141 est.
1252 3084 1282 3139 ln
1298 3084 1390 3141 verbis
1404 3083 1518 3157 singulis
1540 3084 1704 3159 multiplices
1717 3085 1757 3144 la·

615 3233 620 3243 ,
791 3233 796 3244 ,
960 3181 1017 3229 tent
1032 3172 1227 3247 intelligentiae.

141 3232 261 3286 loannes
283 3232 427 3303 apostolus
450 3241 477 3288 et
498 3232 676 3307 evangelista,
698 3249 713 3288 a
736 3234 841 3289 Christo
857 3233 910 3289 ele
1232 3261 1343 3319 CAPUT
1359 3263 1503 3321 PRIMUM·

105 3326 254 3392 elusatque
269 3319 395 3389 dilectus,
413 3321 530 3376 intanto
555 3338 649 3378 amore
665 3321 818 3378 dilectionis
846 3322 908 3378 ube

104 3408 164 3464 rior
191 3409 299 3464 habitus
325 3418 376 3477 est,
399 3419 427 3465 ut
449 3410 477 3466 in
509 3426 589 3466 eoena
616 3427 698 3482 super
726 3420 822 3483 peetus
850 3411 908 3481 ejus

104 3498 285 3567 recumberet,
298 3507 325 3554 et
338 3499 372 3554 ad
393 3514 504 3556 crucem
527 3500 624 3554 astanti
642 3500 692 3556 soli
711 3508 825 3556 matrem
846 3517 908 3572 pro

103 3586 192 3658 priam
205 3587 433 3659 commendasset,
449 3596 478 3643 ut
494 3606 575 3662 quem
593 3590 697 3645 nubere
713 3589 849 3644 volentem
873 3590 907 3645 ad

105 3671 261 3742 amplexum
275 3671 435 3744 virginitatis
451 3673 595 3740 asciverat,
622 3673 674 3744 ipsi
701 3673 782 3729 etiam
812 3680 906 3729 custo·

103 3758 233 3815 diendam
268 3759 402 3832 virginem
431 3761 599 3816 tradidisset.
629 3760 678 3816 llic
713 3760 805 3833 itaque
843 3777 907 3818 eum

104 3855 215 3919 propter
229 3848 344 3905 verbum
357 3848 408 3905 Dei
436 3857 462 3905 et
480 3850 665 3905 testimonium
679 3851 743 3905 lesu
759 3850 857 3906 Christi
880 3851 908 3906 in

104 3931 233 3988 Pathmos
247 3932 364 3988 insulam
381 3934 524 3990 sortiretur
538 3935 672 4005 exsilium,
690 3934 745 3991 illie
758 3935 793 3989 ab
807 3935 907 3991 eodem

103 4020 284 4092 Amcalypsffi
311 4031 478 4093 praewensa
514 4025 686 4093 descmbnur'
716 4032 745 4079 ut
782 4032 852 4080 mut
878 4043 907 4081 ω
957 4075 1022 4144 cilo,
1039 4081 1067 4129 ut
1082 4075 1187 4146 seipsos
1202 4084 1307 4146 parent,
1323 4091 1357 4131 ne
1372 4076 1407 4130 sit
1421 4074 1755 4150 gravepati.Citos1nien·

102 4108 237 4204 pfi¹¹⁰ipl⁰
253 4111 376 4205 ,⁰³.¹¹⁰ni⁸’
396 4111 424 4166 id
437 4120 478 4167 θεῖ
499 4112 562 4208 libr}
575 4113 724 4209 G⁰q⁰⁵⁰9⁵’
742 4114 906 4210 mmmm}
957 4161 986 4217 di
1001 4163 1179 4219 suntlahores
1197 4171 1224 4219 et
1258 4164 1353 4221 raemia
1368 4165 1455 4221 danda
1480 4166 1575 4223 Brevis
1594 4165 1671 4223 labor
1698 4165 1755 4224 les·

104 4192 160 4249 bde
174 4210 338 4266 principium
352 4205 527 4267 praenotatur,
545 4206 580 4252 ita
596 4206 678 4253 etiam
691 4199 906 4270 incorruptibilis
970 4251 975 4261 ‚
1181 4207 1190 4231 ’
1238 4181 1257 4236 p
1458 4208 1465 4221 '
1674 4209 1681 4234 ’

83 4280 167 4336 ‘finis
180 4298 230 4354 per
245 4284 380 4354 virginem
394 4284 422 4338 in
432 4285 595 4358 Apocalypsi
608 4287 780 4355 redderetur,
791 4288 905 4343 dicens:
957 4257 1041 4361 ”Hafa
1056 4251 1151 4323 filma·
1219 4344 1223 4354 ,
1293 4345 1297 4355 ,
1372 4345 1376 4356 ,
1512 4347 1517 4359 ,
1560 4347 1565 4359 ,
1650 4344 1655 4355 .

101 4369 165 4442 Ego
180 4387 241 4426 sum
255 4372 341 4443 Alphe
357 4374 504 4446 etOmega,
523 4374 627 4429 initium
651 4384 677 4430 et
699 4374 769 4430 finis.
800 4377 849 4433 llic
865 4385 907 4432 est
994 4340 1077 4395 ως·
1094 4343 1588 4417 ²'Qu²l⁶⁸t²m⁰⁷²mmperhlbw'
1605 4342 1656 4414 0¹¹¹
1672 4354 1753 4401 καθ’

103 4457 235 4529 loannes,
253 4460 300 4531 qui
315 4461 405 4517 Sciens
429 4465 621 4534 supervenisse
637 4464 688 4518 sibi
703 4464 775 4520 diem
804 4482 903 4538 egres·
918 4435 1077 4518 Dturesse
1092 4447 1157 4486 vera
1178 4432 1259 4486 verba
1282 4432 1367 4504 ipsius
1396 4433 1494 4488 Christi
1523 4433 1613 4488 habita
1642 4442 1695 4488 tam
1721 4434 1757 4491 de

104 4548 191 4603 sionis
206 4549 240 4604 de
254 4565 382 4620 corpore,
403 4552 557 4607 convocatis
586 4553 614 4606 in
627 4553 738 4624 Epheso
753 4553 904 4626 discipulis,
957 4517 1056 4586 νὼ
1073 4520 1100 4574 ¹d
1114 4527 1155 4575 ⁰⁵¹
1171 4520 1324 4588 mmmmm
1354 4537 1435 4593 quam
1461 4521 1495 4576 de
1510 4522 1753 4580 humamtatelfflu

102 4636 246 4693 descendit
273 4638 301 4692 in
316 4638 456 4695 defossum
485 4642 629 4711 sepultum}
654 4659 711 4697 suae
732 4642 831 4712 locum,
848 4660 907 4699 om·
958 4605 1067 4662 Christi.
1095 4609 1175 4665 l'erlo
1207 4611 1265 4664 Del.
1290 4609 1372 4665 Filius
1405 4618 1516 4665 vocatur
1543 4611 1662 4667 Verbum
1692 4612 1752 4683 Dei,

996 4695 1001 4706 '
1258 4696 1370 4753 lestatus
1388 4706 1429 4753 est
1453 4698 1481 4754 in
1496 4700 1598 4757 mundo
1612 4701 1703 4758 Pater.
1720 4703 1753 4758 la

103 4725 233 4798 tioneque
257 4728 402 4799 completa,
423 4729 540 4784 reddidit
561 4729 685 4801 spiritum
708 4739 790 4785 tama
811 4733 906 4790 dolore
957 4712 1085 4795 waper
1100 4713 1161 4798 eum
1184 4713 1262 4796 mam.
1497 4788 1502 4799 .
1578 4789 1611 4800 ..

102 4815 199 4870 mortis
214 4813 299 4872 lactus
317 4826 471 4887 extraneus,
494 4835 575 4890 quam
590 4835 608 4874 a
627 4821 801 4892 corruptione
816 4822 906 4878 carnis
958 4783 1071 4857 ΝΜ
1085 4785 1164 4840 vum·
1181 4786 1212 4879 ¹¹?
1234 4785 1279 4839 1¹¹⁵
1294 4803 1355 4858 ⁴¹¹¹ae
1368 4788 1545 4888 ⁰⁰rp⁰mhl⁰r
1558 4789 1633 4855 Μ’
1645 4798 1674 4844 ω
1687 4806 1753 4861 ω’

104 4903 228 4959 noscitur
241 4904 356 4962 alienus.
375 4907 457 4976 Cujus
481 4916 569 4963 tamen
589 4909 737 4980 Scripturas
751 4911 904 4982 dispositio,
958 4887 1018 4926 sum
1032 4881 1058 4927 et
1082 4880 1225 4942 'nmmum'
1251 4874 1309 4929 ⁸⁰¹³
1323 4883 1424 4944 meme'
1440 4884 1470 4931 ut
1482 4876 1567 4933 [ΜΘ
1594 4893 1656 4934 eum
1677 4880 1756 4936 pm

102 4992 149 5048 vel
163 4992 227 5048 libri
241 4994 384 5065 ordinatio,
397 4995 491 5052 ideoa
519 4997 598 5053 uobis
611 5014 661 5069 per
676 4999 784 5073 singula
793 5017 847 5057 non
856 5018 905 5056 ex·
957 4967 1134 5016 anleomma'
1407 5052 1412 5063 .
1556 5054 1562 5065 .
1707 5055 1742 5070 ..
1829 5032 1837 5039 ·

101 5081 223 5152 ponitur,
239 5091 268 5138 ut
281 5085 466 5140 nescientibus
484 5085 636 5158 inquirendi
660 5088 827 5144 desiderium
845 5089 906 5146 eol·
992 5049 1077 5104 vm
1108 5052 1133 5104 3'
1150 5080 1184 5090 “
1211 5053 1325 5108 Beatm'
1350 5053 1474 5109 Chmsms
1500 5054 1574 5110 dedu
1592 5055 1651 5111 ΜΟ
1677 5057 1754 5124 mnn’

101 5168 208 5226 locetur
223 5179 249 5227 et
265 5174 449 5244 quaerentibus
471 5175 572 5231 laboris
594 5175 710 5249 fruetus,
727 5186 754 5235 et
773 5179 832 5236 Deo
850 5196 906 5237 me·
957 5136 1053 5192 beatus
1064 5145 1153 5237 aulem
1168 5139 1232 5211 qum
1246 5157 1290 5196 me
1305 5142 1450 5242 acfeperit'
1467 5145 1579 5246 Beafm'
1596 5144 1669 5241 ,quia
1696 5146 1757 5202 hae⁰

102 5258 211 5332 giwii
228 5261 497 5320 (1(,02rim,sel,ve,ur¹
955 5226 1136 5299 Apoealypsis
1151 5235 1193 5282 est
1206 5230 1270 5284 lesa
1285 5231 1456 5300 Clrrrstr,ete.
1475 5234 1528 5301 Qua
1546 5235 1623 5307 least.
1649 5234 1679 5289 ld
1702 5242 1753 5300 est,

956 5323 1047 5371 narrat
1078 5316 1138 5371 aliis
1162 5334 1222 5389 quae
1244 5319 1369 5374 audivit:
1386 5322 1448 5393 quia
1477 5323 1570 5394 plures
1584 5323 1618 5378 ab
1637 5336 1691 5377 uuo
1711 5321 1754 5377 lc·

373 5441 631 5501 ARGUMENTUM·
957 5413 1040 5477 gente
1054 5414 1168 5476 possunt
1184 5407 1279 5463 audire
1296 5427 1303 5476 ;
1317 5409 1371 5478 vel,
1384 5412 1512 5480 audient,
1531 5420 1557 5468 et
1571 5413 1599 5466 in
1613 5413 1664 5466 hoe
1678 5415 1755 5464 notat

956 5494 1102 5562 auditores,
1129 5496 1191 5568 quia
1218 5497 1319 5568 plures.
1349 5498 1391 5553 llli
1414 5499 1464 5555 soli
1485 5500 1556 5554 beati
1577 5499 1624 5569 qui
1642 5497 1756 5553 audiunt

994 3363 1079 3418 Vsus.
1091 3366 1117 3418 t.
1134 3394 1168 3405 -
1186 3364 1365 3438 Apoealypsis
1393 3368 1459 3422 lesa
1476 3366 1593 3422 Christi.
1620 3367 1758 3438 Praeparat

957 3452 1106 3517 auditores,
1123 3451 1265 3525 redditque
1281 3470 1328 3509 eos
1342 3454 1491 3510 benevolos
1503 3462 1531 3510 et
1546 3463 1672 3523 attentos,
1689 3457 1758 3512 sieut

958 3548 984 3596 et
998 3541 1034 3595 ibi
1052 3556 1058 3596 ε
1074 3542 1196 3598 loannes
1213 3546 1318 3614 septem
1338 3544 1540 3617 Ecclesiisqaae
1554 3546 1664 3601 suella
1678 3545 1754 3602 Asia.
1790 3547 1793 3552 ’

959 3629 1048 3696 Quoia
1061 3629 1149 3684 dedit.
1162 3629 1316 3685 Secundum
1331 3631 1523 3686 humanitatem
1547 3633 1669 3688 Christus
1683 3634 1756 3690 aeci·

956 3718 996 3789 pit
1010 3733 1071 3773 eam
1087 3734 1102 3771 a
1117 3719 1195 3773 Patre
1209 3728 1235 3774 et
1246 3719 1335 3775 Verbo
1351 3720 1402 3774 sibi
1416 3720 1559 3788 conjuncto
1575 3721 1754 3792 hypostatice,

957 3814 985 3860 et
1000 3821 1016 3861 a
1031 3806 1131 3876 Spiritu
1142 3814 1247 3863 saneto.
1265 3808 1330 3875 Qua
1344 3813 1452 3880 oportet
1466 3809 1538 3877 fieri.
1559 3807 1644 3878 Quasi
1658 3809 1730 3866 dicat
1747 3828 1754 3864 :

957 3895 1116 3951 laevitabile
1131 3895 1327 3969 estquinfiant,
1344 3906 1369 3953 et
1384 3897 1448 3952 utile
1462 3905 1504 3953 est
1519 3905 1547 3952 ut
1561 3897 1635 3954 fiant.
1662 3897 1755 3970 Opor-

958 3992 995 4040 tet
1012 3992 1041 4039 ut
1060 3985 1133 4040 servi
1152 3986 1288 4057 patiantur
1310 3986 1494 4043 tribulationes
1508 3986 1572 4043 cito.
1591 3988 1661 4045 Cilo.
1684 3987 1756 4045 Dicit

82 5640 86 5647 Ι
137 5562 318 5636 Apocalypsis
343 5565 456 5622 loannis
480 5575 519 5624 tot
541 5568 625 5624 hahet
650 5578 819 5627 sacramenta
840 5581 906 5645 quot
955 5586 1313 5654 armenterecondan13et
1332 5595 1423 5643 mente
1442 5587 1603 5649 recunduat,
1629 5593 1657 5641 ut
1670 5600 1754 5657 opere

100 5652 194 5710 verba.
223 5653 323 5710 Parum
338 5654 405 5723 dixi,
431 5663 522 5729 etpro
549 5659 648 5716 merito
672 5660 818 5718 voluminis
845 5663 905 5720 laus
955 5673 1134 5747 compleant;
1159 5682 1187 5731 et
1209 5691 1292 5748 opere
1306 5675 1430 5748 inplent,
1458 5681 1489 5730 ut
1514 5675 1597 5736 vitam
1619 5681 1754 5734 semmam
