3772 6112
124 230 158 284 ct
428 229 631 286 wntnrnlm
645 228 768 285 saltum
783 229 802 284 F
805 228 883 285 ULD.
900 227 986 286 llON.
1003 229 1080 287 OPP.
1100 231 1189 289 ctas
1204 233 1224 287 1.
1244 262 1275 273 -
1290 231 1524 290 THEOLOGICA.
1739 235 1774 287 68

122 353 227 408 nullam
241 353 276 408 de
292 353 393 410 sanetis
408 352 516 409 feminis
531 353 559 409 in
574 353 738 427 genealogia
758 351 858 408 Christi
872 368 919 407 as·
930 362 958 423 Α
973 354 1070 412 sedere
1085 355 1217 424 Christus,
1235 356 1299 429 quia
1313 374 1428 430 regnum
1438 356 1525 412 David
1536 355 1686 426 temporale
1701 354 1773 429 trgu-

122 442 202 512 sumi,
219 442 268 498 sed
283 458 352 514 quas
367 443 509 513 Scriptura
530 443 716 514 reprehendit.
734 442 833 496 Debuit
847 442 920 497 enim
969 445 1038 500 ravit
1054 453 1186 500 aternum
1206 446 1304 502 Christi
1326 462 1453 519 regnum.
1470 447 1561 503 iltius.
1579 446 1659 499 Pater
1674 444 1772 499 Domi-

121 533 156 588 de
171 531 457 602 peecatoribusnusci,
470 532 515 603 qni
526 548 576 603 pro
591 531 781 603 peccatoribus
795 538 918 601 venerat,
969 550 1031 602 nus,
1048 533 1074 590 id
1091 543 1141 603 est,
1158 533 1292 601 Christus,
1310 534 1356 606 qui
1370 534 1435 590 dicit
1453 552 1459 588 :
1475 527 1529 606 Epo
1540 550 1586 590 cro
1604 534 1651 589 illi
1666 535 1697 588 in
1714 535 1772 589 Pa-

121 629 152 677 ut
166 621 305 677 discerent
327 621 368 675 sui
392 629 506 692 peccata
528 629 637 691 patrum
661 620 713 675 sibi
735 636 791 675 non
809 621 918 676 obesse.
972 627 1052 690 trena
1073 625 1139 695 attia
1159 627 1293 695 tanquam
1318 625 1455 679 Dominus
1479 624 1576 680 omnia
1599 636 1773 695 puaeeanqac

122 710 201 766 Unde
212 725 301 783 agnus
311 709 338 764 in
348 710 453 765 Pascha
462 710 644 764 immolandus
652 709 745 778 jussus
761 719 803 765 εει
818 710 921 764 assumi
971 713 1061 769 voluit
1073 714 1144 785 [ecit
1157 712 1245 782 (Psat.
1265 711 1355 783 curn).
1373 711 1426 779 Qui
1443 711 1523 766 etiam
1539 718 1581 767 est
1595 712 1660 777 Asa,
1676 710 1771 776 idest,

121 813 156 855 ex
178 798 269 871 capris
283 806 310 855 et
324 798 420 854 ovibus
434 798 462 853 id
477 805 518 854 est
532 814 565 853 ex
577 798 657 866 justis
682 805 709 854 et
731 798 922 870 peccatoribus
971 801 1108 868 attollens,
1125 800 1190 872 quia
1203 800 1262 871 ipse
1277 799 1389 855 abstulit
1403 807 1518 871 peccata
1531 799 1636 855 mundi.

122 888 308 962 C⁰¹¹⁰¹³¹¹dus·
1007 909 1092 963 Vens
1109 908 1331 980 8.—tosaphat,
1352 915 1404 964 etc.
1425 907 1560 963 iudicares
1579 906 1774 979 reljudicium

156 996 201 1051 Ee
215 996 298 1051 hert.
315 993 470 1062 Moabitide,
488 1001 517 1049 ut
531 994 657 1050 ostendat
672 993 813 1066 impletum
829 993 923 1051 ratici-
972 998 1032 1062 lici,
1049 996 1153 1052 seihcet
1176 996 1300 1050 Christus
1324 995 1371 1067 qui
1391 996 1497 1064 judicat
1520 995 1617 1050 orbem
1641 1003 1722 1050 terrae
1746 993 1775 1048 in

122 1083 198 1139 nium
212 1084 289 1138 lsaim
301 1100 307 1137 :
319 1085 425 1139 Emitte
439 1100 554 1154 narrum,
571 1086 697 1151 hortatae,
716 1084 923 1141 dominatorem
973 1085 1110 1157 aequitate.
1126 1087 1221 1141 torum
1235 1088 1332 1141 autem
1345 1086 1453 1157 petiuit.
1471 1083 1595 1139 Christus
1611 1091 1652 1138 εει
1666 1083 1773 1152 loram,

124 1177 208 1228 tcrroe
222 1172 287 1241 (lsa.
305 1173 375 1242 rvr).
392 1172 445 1226 Per
459 1172 530 1228 hanc
545 1188 640 1227 semen
659 1173 777 1228 Abrahae
792 1172 827 1227 ad
843 1172 921 1227 Chri·
973 1174 1001 1229 id
1011 1182 1052 1230 est
1062 1172 1196 1244 excelsus,
1207 1173 1253 1247 qui
1263 1173 1300 1228 ait
1312 1191 1318 1227 ε
1329 1174 1413 1230 Nemo
1424 1173 1551 1230 aseendit
1563 1174 1593 1228 io
1603 1174 1705 1229 cartam
1716 1172 1776 1228 taisi

121 1270 193 1317 stum
216 1260 369 1316 deducitur.
395 1261 520 1317 Ecclesia
534 1261 569 1316 de
584 1262 711 1334 gentibus
726 1278 776 1333 per
792 1258 863 1318 Ruth
883 1261 922 1315 si·
974 1266 1023 1338 qai
1036 1263 1180 1320 deseendit
1190 1263 1299 1320 decerto
1308 1264 1387 1332 fitius
1402 1264 1525 1319 hotmaris
1539 1264 1588 1336 qui
1602 1266 1644 1319 est
1661 1261 1775 1318 iocata

120 1350 260 1425 gnificata,
287 1351 446 1423 priusquam
469 1350 504 1405 ad
527 1351 608 1418 Booz,
624 1351 653 1406 id
667 1359 709 1406 εει
723 1352 759 1406 ud
781 1351 921 1407 Christum
975 1353 1066 1425 (toute.
1084 1352 1136 1424 ιιι).

120 1440 236 1510 Veniret>
253 1456 287 1497 ⁰¹
301 1448 379 1512 ΡθῑΓθ
394 1439 504 1495 (1ῑῦῧοῙο
520 1449 589 1496 ⁰¹⁸⁸i·
1011 1462 1095 1515 Vens.
1122 1463 1152 1514 9.
1171 1490 1206 1500 -
1228 1460 1309 1516 Ocius
1333 1463 1438 1515 autem
1465 1458 1520 1513 Sub
1545 1455 1621 1525 Oria,
1646 1456 1775 1526 loathan,

159 1546 553 1621 Ruthsigniticatllcclesiam
569 1547 826 1619 qnaestdelloab,
842 1547 926 1603 idest
975 1549 1066 1605 Achae
1090 1556 1116 1604 et
1139 1548 1266 1616 Ezeelria,
1292 1546 1464 1619 prophetavit
1489 1545 1573 1601 lsaias
1596 1546 1631 1600 de
1654 1546 1775 1601 Christo.

55 1636 57 1641 ’
120 1636 308 1710 degentibus,
326 1652 387 1708 quae
403 1652 436 1691 ex
451 1644 529 1707 patre
553 1636 664 1691 diabolo
679 1644 706 1691 ει
721 1645 799 1707 petra
822 1636 927 1691 deserti
976 1637 1091 1708 Propter
1113 1645 1226 1708 peccata
1247 1636 1401 1708 principum
1422 1635 1621 1693 claudebantur
1640 1649 1692 1689 ora
1712 1649 1777 1705 pro·

121 1733 234 1798 propter
258 1725 441 1781 idololatriam
463 1726 497 1781 de
522 1741 577 1797 qua
602 1727 675 1780 Deus
700 1725 840 1783 suscitavit
855 1724 962 1792 filiosss
977 1727 1131 1798 phetarum.
1157 1728 1299 1782 Ezechias.
1323 1726 1412 1782 Fortis
1436 1724 1578 1791 Donamus,
1594 1723 1654 1795 ipse
1669 1730 1712 1778 εει
1730 1721 1777 1794 qui

121 1815 239 1871 Abrahae
256 1832 263 1868 :
280 1814 364 1869 oblita
388 1813 489 1885 prioris
512 1813 602 1886 gentis
626 1813 701 1869 uenit
725 1815 759 1868 ad
784 1814 864 1883 Booz,
882 1815 928 1885 qui
977 1815 1044 1872 dicit
1067 1816 1197 1886 apostolis
1214 1833 1221 1870 ε
1237 1816 1328 1872 h'otitc
1351 1818 1459 1873 tiotcrc.
1484 1813 1608 1871 Ezechiae
1627 1829 1690 1869 cum
1705 1818 1780 1867 εεεει

120 1902 202 1960 fortis
216 1903 325 1972 dicitur,
343 1903 371 1958 id
386 1910 428 1958 est
442 1902 478 1957 ad
499 1902 647 1972 Christum,
674 1901 720 1974 qui
744 1902 857 1958 suscitat
881 1918 927 1957 se·
979 1905 1037 1960 sine
1057 1905 1152 1960 liberis
1173 1904 1354 1960 dictumest:
1370 1906 1490 1977 dispone
1508 1903 1605 1959 domui
1624 1905 1689 1967 taor,
1711 1901 1779 1973 qaia

121 2008 187 2049 men
201 1991 294 2047 fratris
312 1992 364 2061 sui,
380 1991 409 2046 id
424 1999 465 2047 est
479 1991 566 2063 hloysi
581 1991 627 2064 qui
646 1990 712 2047 obiit
736 1991 794 2046 sine
817 1990 922 2061 liberis,
978 1995 1109 2050 rrroricrt's
1119 1998 1254 2050 taetoott
1264 1992 1557 2064 vimmacensem).
1567 1988 1779 2046 ldeotleritnon

123 2083 192 2156 aeia
206 2083 282 2137 mihil
296 2081 332 2136 od
352 2083 512 2154 perfectum
536 2079 659 2136 adduxit
683 2081 730 2136 lca
756 2080 847 2149 (lledr.
864 2079 926 2151 vn).
979 2091 1091 2154 propter
1105 2082 1260 2155 longiorem
1274 2082 1366 2149 vitam,
1384 2097 1446 2138 cum
1462 2080 1544 2136 sciret
1563 2078 1626 2134 inde
1640 2076 1780 2157 placuisse

123 2170 196 2228 Ruth
211 2169 362 2226 cidensvel
373 2171 532 2242 festinarem
550 2169 614 2240 quia
629 2167 754 2225 Ecclesia
764 2184 834 2239 puro
845 2168 929 2224 corde
979 2172 1037 2226 Deo
1057 2171 1241 2239 Salomonem,
1252 2170 1317 2243 quia
1335 2186 1389 2226 non
1415 2169 1536 2240 petiisset
1559 2166 1708 2238 ampliores
1727 2180 1780 2220 an-

125 2259 215 2315 Deum
229 2258 303 2314 videt
318 2273 378 2330 qma
393 2257 503 2312 festinat
516 2256 552 2312 ad
567 2256 692 2313 bravium
707 2273 833 2329 supernae
848 2256 928 2313 visio·
978 2276 1029 2316 nos
1046 2278 1053 2315 :
1070 2260 1119 2316 sed
1133 2259 1198 2332 qnia
1219 2259 1359 2315 dubitabat
1373 2275 1408 2313 ne
1421 2255 1568 2330 promissio
1584 2256 1635 2312 Dei
1649 2255 1780 2328 implere·

127 2347 170 2405 nis
186 2354 213 2404 et
227 2346 324 2402 diffinit
338 2362 518 2419 perseverare
532 2345 561 2400 in
575 2344 629 2401 fidc
645 2353 672 2401 et
686 2345 842 2403 dilectione.
979 2357 1024 2407 tur
1045 2364 1107 2407 eum
1121 2366 1151 2405 se
1166 2348 1248 2406 sciret
1272 2364 1333 2404 esse
1356 2347 1390 2402 de
1412 2362 1514 2421 genere
1529 2345 1617 2402 David
1630 2360 1682 2418 per
1696 2359 1780 2417 quem

157 2456 233 2512 tasse
248 2459 355 2511 auram,
372 2453 454 2510 Pater
468 2453 557 2510 David
572 2452 675 2524 sapius
689 2452 845 2509 nominatur
863 2450 926 2523 1521,
979 2439 1124 2512 oportebat
1138 2439 1232 2494 renire
1247 2437 1406 2493 Christum:
1422 2435 1521 2507 etipse
1536 2441 1595 2491 erat
1610 2432 1670 2489 sine
1684 2431 1780 2488 liberis

124 2542 174 2601 sed
189 2543 325 2600 binomius
340 2543 399 2600 luit.
415 2543 466 2600 ilic
480 2550 573 2598 eutem
588 2541 650 2598 ideo
670 2542 770 2598 dieitur
783 2543 861 2598 tesso
877 2557 884 2596 :
899 2558 930 2608 ut
978 2529 1051 2584 unde
1066 2535 1093 2584 0²
1112 2526 1220 2584 dicebat
1235 2525 1313 2597 Ubii·
1329 2524 1455 2597 xlllffl)
1471 2542 1478 2579 ²
1494 2525 1554 2582 N0⁷i
1573 2523 1667 2580 videbo
1685 2520 1781 2578 nomi·

120 2630 424 2700 citramontanam
442 2632 477 2689 aa
494 2647 549 2704 quo
564 2631 654 2686 rsata:
671 2632 838 2703 careretur
851 2631 929 2702 vtraa
978 2619 1157 2682 autolicum,
1171 2615 1245 2684 nem,
1255 2632 1313 2672 ooo
1323 2615 1461 2688 aspiciam
1472 2614 1615 2670 homiaem
1625 2612 1781 2677 oteramo.

120 2721 263 2779 deradice
279 2723 355 2778 terre
371 2721 437 2791 (lca.
455 2718 507 2790 ιιι),
521 2726 574 2774 ειε.
587 2719 638 2775 Hic
652 2726 694 2773 εει
709 2717 759 2774 ssos
774 2717 930 2790 quemodo,
978 2706 1001 2762 E
1016 2713 1113 2763 contra
1135 2704 1274 2775 credebat,
1291 2703 1356 2776 quia
1384 2701 1473 2759 tidelis
1487 2709 1528 2758 est
1544 2700 1589 2774 qui
1604 2699 1781 2774 promiserat.

120 2817 164 2865 rat
178 2811 266 2879 lsaae,
284 2807 687 2877 dieens;Ecceod0rfi1ttmet
701 2807 854 2865 amatorios
867 2807 929 2879 ayn·
979 2795 1053 2851 Deus
1068 2803 1160 2850 antem
1175 2792 1338 2849 sententiam
1353 2808 1435 2865 quam
1450 2790 1574 2859 dederat,
1591 2789 1626 2846 ad
1641 2787 1784 2862 probatio·

122 2899 299 2974 alodialem.
316 2899 421 2970 xxvn),
447 2896 513 2970 quia
536 2896 654 2969 Spiritus
669 2911 731 2952 eum
747 2895 928 2952 abundantis·
978 2899 1042 2940 110¹ss
1057 2882 1121 2939 fidei
1135 2882 1269 2951 immutab
1286 2890 1313 2937 θῑ
1327 2881 1445 2953 Spatium
1460 2878 1612 2955 generandi
1626 2878 1683 2935 dai·

127 2987 197 3045 sime
211 2986 337 3062 replerit.
1014 2991 1098 3047 Vens.
1117 2993 1159 3046 10.
1175 3020 1210 3031 -
1225 2990 1374 3047 ltaoasser.
1401 2987 1567 3045 Obliviosus.
1591 2988 1646 3043 lste
1669 2992 1713 3042 est
1735 2983 1783 3058 qui

157 3098 266 3169 heyam.
290 3096 354 3150 Non
381 3093 455 3167 quod
478 3093 554 3150 solus
566 3093 595 3149 in
608 3093 662 3151 hae
685 3092 851 3168 genealogia
864 3107 925 3164 rex,
942 3079 1058 3157 cquasi
1066 3095 1200 3137 converso
1208 3077 1346 3152 peccatori
1355 3077 1439 3134 dixit:
1450 3077 1584 3134 Octauium
1592 3075 1783 3150 iniquitatum

121 3185 172 3242 sed
186 3183 251 3258 quia
264 3183 370 3257 primns
385 3199 433 3240 rex
449 3183 483 3239 de
498 3182 569 3239 tuda
583 3191 610 3239 et
624 3199 724 3256 regum
747 3181 921 3255 principium,
981 3172 1042 3244 ejas
1051 3185 1109 3228 ooo
1118 3169 1281 3226 recordabor
1291 3167 1402 3240 (dccet.
1414 3166 1507 3235 xvrn).
1519 3166 1619 3231 tome,
1629 3163 1708 3220 idest
1718 3161 1784 3219 fide-

119 3280 325 3346 propterquam
344 3280 371 3329 et
390 3271 522 3329 cateriin
543 3271 702 3345 sohoregni
713 3279 858 3328 servantur
873 3288 880 3325 :
898 3278 925 3327 ει
976 3259 1011 3315 lit
1033 3258 1077 3318 vel
1091 3259 1243 3325 nutritius,
1261 3254 1420 3330 significans
1435 3254 1575 3310 Christum
1588 3253 1623 3309 de
1639 3267 1694 3326 quo
1709 3250 1783 3308 dici-

120 3378 172 3434 per
191 3362 272 3418 istum
295 3362 364 3418 ordo
388 3359 575 3435 generationis
600 3360 722 3417 decurrit
736 3360 772 3416 ad
787 3359 925 3416 christum
974 3357 1020 3404 tur
1032 3365 1038 3402 :
1050 3347 1155 3404 Fidelis
1165 3348 1301 3404 Dmnioas
1312 3346 1344 3401 ia
1354 3345 1483 3403 omnibus
1500 3345 1554 3400 ciis
1573 3343 1643 3409 seis,
1654 3343 1782 3416 quiece-

121 3450 169 3522 qui
183 3450 268 3508 habet
281 3466 401 3524 regnum
416 3448 513 3505 Dauid.
976 3441 1058 3494 vocat
1066 3436 1150 3506 filios,
1163 3440 1196 3492 ut
1205 3436 1315 3508 pallitta
1323 3434 1418 3506 pallos
1428 3450 1492 3490 suos
1504 3432 1592 3505 (Psal.
1606 3429 1713 3503 cxciv).

158 3558 243 3616 Vens.
260 3559 286 3613 t.
303 3588 338 3599 -
354 3557 442 3614 David
457 3560 554 3613 autem
578 3572 640 3613 rex,
657 3554 771 3628 mystice
785 3553 882 3623 David,
900 3552 927 3610 id
1013 3543 1098 3598 Vnus,
1116 3546 1158 3598 lt.
1170 3543 1313 3609 -tosias,
1330 3541 1410 3597 idest
1425 3536 1787 3598 salasDotaitrirelincen·

123 3657 164 3705 est
178 3646 303 3703 Christus
318 3645 365 3719 qui
380 3630 497 3714 Goliam,
514 3644 542 3700 id
558 3652 599 3700 est
613 3643 753 3700 diabolum
776 3642 926 3716 superavit.
979 3650 1051 3690 ram.
1068 3631 1117 3688 llle
1133 3640 1174 3688 est
1190 3629 1236 3703 qui
1250 3631 1316 3688 dicit
1331 3648 1338 3685 ε
1355 3631 1503 3702 Diriqatar
1518 3629 1608 3687 oratio
1626 3642 1691 3684 mea
1711 3628 1788 3684 sicat

124 3738 185 3809 lpse
213 3742 255 3793 est
284 3751 367 3791 manu
396 3733 484 3802 sortis,
509 3733 552 3790 rel
577 3732 637 3789 risu
662 3731 862 3789 desiderabilis.
887 3731 929 3786 De
980 3722 1230 3793 inconsummata
1247 3721 1323 3792 exn),
1340 3726 1392 3776 etc.

124 3825 222 3883 00de
246 3823 368 3881 dieitur:
394 3824 531 3880 Dominus
554 3823 644 3901 soriis⁴
664 3825 693 3879 el
717 3825 817 3894 potent
839 3820 928 3892 (Paul.
1016 3828 1115 3895 JosiflS’
1132 3845 1180 3884 rex
1192 3829 1292 3898 justus,
1309 3827 1383 3899 quod
1397 3842 1452 3883 non
1467 3823 1515 3881 filli
1530 3826 1589 3896 lelS
1600 3838 1669 3897 quos
1679 3823 1785 3897 genuit,

123 3915 219 3986 mu),
235 3920 288 3971 θῑθ·
313 3913 348 3969 Ei
361 3910 459 3968 ilerum
477 3929 484 3966 ²
500 3911 647 3983 stetim
669 3913 764 3980 [Olmii
783 3925 843 3982 lim
861 3908 930 3978 filiii
981 3933 1037 3974 non
1052 3917 1079 3974 in
1094 3916 1346 3990 transmigratione,
1364 3915 1428 3987 qnia
1442 3929 1584 3987 nunquam
1599 3911 1786 3986 transmigra-

126 4005 276 4062 iwmimtm
291 4000 370 4067 Hills)-
387 4001 477 4069 ΜΝ),
982 4007 1021 4064 rit
1036 4024 1043 4061 :
1061 4007 1110 4062 sed
1126 4006 1279 4063 secundum
1293 4003 1563 4077 praedestinationem
1576 4001 1627 4058 Dei
1642 4001 1677 4057 ad
1692 4007 1786 4057 trans·

163 4109 244 4168 date.
261 4105 334 4174 Uria,
350 4104 397 4159 lux
412 4117 474 4159 mea
488 4103 541 4160 Dei
554 4102 668 4173 scilicet,
684 4103 712 4158 id
728 4109 778 4170 est,
796 4100 930 4169 diabolus,
983 4095 1169 4170 migrandum,
1185 4093 1344 4152 lechoniam
1359 4102 1386 4149 et
1401 4093 1502 4149 fratres
1521 4093 1579 4162 ejus
1599 4088 1680 4146 simul
1699 4089 1786 4161 ponit,

129 4198 175 4271 qui
191 4194 259 4251 dixit
274 4212 282 4249 ι
298 4193 406 4251 Similis
419 4209 468 4250 cro
483 4194 629 4249 ditissimo
644 4192 710 4263 (loa.
727 4193 805 4263 ιιιι);
822 4190 866 4247 cni
880 4191 934 4247 Ec·
984 4193 1014 4241 ut
1028 4201 1144 4257 quorum
1160 4192 1202 4240 est
1215 4183 1368 4240 communis
1383 4182 1512 4255 iniqnitas
1532 4179 1627 4237 similis
1642 4179 1677 4235 sit
1692 4185 1720 4234 et
1733 4178 1788 4232 mi·

127 4285 239 4344 clesinm
254 4283 431 4356 conjugatam
446 4280 572 4337 Christus
583 4281 617 4336 de
628 4280 729 4336 solario
743 4288 865 4352 paterna
879 4294 936 4335 ma.
987 4273 1069 4330 seria.
1085 4273 1231 4331 lechonias
1254 4271 1420 4345 praeparatio
1442 4269 1560 4339 Domini,
1578 4269 1643 4342 quia
1662 4276 1719 4323 tam
1734 4281 1787 4339 pa-

125 4373 232 4446 J‘estutis
257 4369 405 4440 adamavit,
428 4378 454 4426 et
477 4369 622 4443 pulchram
643 4368 744 4425 tactam
767 4368 820 4423 sibi
841 4367 935 4424 matri·
987 4371 1057 4420 trem
1072 4378 1155 4436 quam
1165 4360 1250 4418 filiurn
1260 4361 1392 4419 Dominus
1403 4360 1438 4417 ed
1449 4356 1702 4432 transmigrandum
1716 4371 1788 4428 prae-

129 4463 221 4521 monio
245 4459 394 4535 copularit.
419 4457 501 4517 Urias
516 4457 562 4530 qui
577 4465 619 4514 est
632 4455 722 4530 figura
744 4456 856 4524 diaboli,
881 4458 934 4514 tea
947 4452 1104 4526 Dparavit.

129 4570 193 4610 mea
207 4554 281 4609 lictu
303 4550 509 4621 interpretatur,
534 4547 581 4619 qui
602 4547 693 4603 adhuc
714 4544 889 4603 transformat
904 4562 934 4602 se
1021 4560 1114 4634 (1511),)
1129 4559 1233 4617 Vespa,
1247 4557 1367 4616 hisporjae
1382 4557 1474 4627 habet,
1501 4554 1574 4631 quod
1598 4555 1653 4611 duo
1677 4553 1791 4610 suerum

130 4641 158 4697 51¹
174 4639 306 4714 angelum
321 4638 400 4707 lucis,
418 4645 445 4694 θῑ
459 4637 550 4694 lucem
565 4635 614 4691 Dei
630 4651 659 4690 ⁵2
674 4633 748 4690 flell-
985 4649 1133 4719 lechonire,
1149 4657 1179 4705 ut
1193 4665 1263 4705 unus
1284 4648 1387 4705 scilicet
1406 4655 1485 4721 pater
1504 4646 1539 4702 sit
1558 4645 1586 4701 in
1607 4643 1662 4700 stne
1680 4657 1789 4716 praece·

167 4748 252 4805 l'nns.
262 4746 476 4802 l.-Solomon
486 4748 593 4801 autom.
605 4741 731 4798 Christus
742 4749 784 4798 est
795 4742 934 4815 Salomon,
986 4740 1076 4796 dentis
1096 4738 1325 4807 tesseradecadis,
1347 4738 1415 4793 alter
1433 4736 1461 4791 in
1480 4731 1617 4807 principio
1637 4731 1789 4805 sequentis.

132 4837 160 4893 id
174 4844 216 4893 est
228 4834 375 4910 pacificus,
393 4831 457 4905 quia
482 4831 541 4904 ipse
563 4840 605 4888 est
626 4847 679 4903 pax
702 4838 798 4888 nostra
812 4830 859 4902 qui
873 4829 937 4886 seat
987 4829 1043 4886 Sed
1056 4827 1170 4901 mystice
1184 4827 1337 4884 secundum
1345 4824 1528 4899 Angtrstinum
1542 4838 1613 4878 unns
1623 4829 1649 4877 ει
1659 4819 1733 4876 idem
1749 4828 1792 4875 εει

130 4935 247 4999 utraque
261 4940 356 4980 unum.
374 4923 435 4994 lpse
450 4930 492 4977 εει
506 4922 641 4990 Roboem,
658 4921 686 4978 id
701 4928 743 4977 est
758 4919 876 4992 impetus
891 4929 938 4992 po·
986 4917 1015 4973 in
1034 4916 1088 4973 fide
1114 4916 1296 4989 praecedentis
1315 4921 1342 4970 et
1359 4914 1388 4969 in
1406 4912 1541 4986 principio
1565 4909 1714 4984 sequentis.
1730 4908 1793 4981 ¹Sed

131 5015 199 5089 puli,
217 5013 264 5087 qui
286 5011 418 5070 uelociter
438 5010 554 5084 populos
576 5010 709 5067 convertit
723 5010 759 5066 ud
773 5008 865 5065 tidem.
882 5011 937 5067 lto-
988 5021 1074 5079 quare
1100 5006 1302 5077 praetermissus
1326 5012 1367 5059 est
1385 5001 1509 5059 toachim
1531 5007 1611 5074 pater
1633 4996 1794 5056 lechoniael

132 5105 223 5164 boam.
247 5103 288 5160 lie
306 5102 359 5158 isto
377 5100 476 5157 dicitur
496 5117 503 5154 :
529 5100 602 5156 Dato
620 5101 675 5173 apsi
694 5100 811 5157 Rotoam
832 5099 938 5156 tribum
988 5095 1104 5152 forsitan
1117 5103 1147 5150 ut
1161 5104 1256 5168 typum
1278 5091 1380 5149 Christi
1394 5090 1497 5148 laceret
1510 5087 1670 5147 lechoniam
1685 5086 1728 5142 bis
1744 5102 1793 5141 nu-

132 5193 245 5262 tadam,
257 5196 292 5250 nt
300 5195 449 5249 remancat
459 5190 576 5247 lucerua
584 5188 672 5245 Dauid
679 5190 792 5245 cunctis
800 5187 896 5245 dictas
905 5189 938 5243 ia
987 5183 1112 5254 merarit,
1130 5191 1157 5240 et
1171 5181 1294 5239 toachim
1308 5197 1344 5238 ne
1359 5197 1491 5237 numems
1509 5184 1658 5253 augeretur
1671 5183 1791 5250 praeter-

132 5283 221 5342 lsrael
241 5282 293 5355 (ill
308 5284 372 5354 hep.
395 5278 448 5350 ιιι).
472 5277 552 5347 Quod
573 5277 609 5333 ad
629 5276 750 5333 litteram
771 5293 829 5334 non
848 5284 939 5349 potest
988 5273 1070 5330 misit.
1167 5289 1169 5293 ⁴

130 5370 229 5445 accipi,
246 5369 311 5443 quia
323 5384 376 5427 aec
389 5366 592 5424 lsraelcunctis
605 5365 702 5422 diebus
718 5365 830 5434 exstitit,
841 5365 938 5423 neoda
1025 5379 1128 5440 Omne,
1148 5378 1194 5452 qui
1213 5393 1230 5435 a
1247 5377 1335 5435 David
1359 5394 1447 5451 usque
1465 5376 1501 5433 ,d
1520 5373 1793 5448 transmigrationem

131 5460 221 5519 David
234 5466 297 5532 post
310 5456 449 5514 Christum
469 5456 524 5511 dux
546 5454 645 5528 ahquis
658 5453 687 5509 in
702 5453 788 5510 lsrael
807 5453 866 5511 luit.
883 5452 939 5511 Sed
988 5468 1135 5543 Babylonis
1148 5475 1337 5537 numerantur,
1355 5483 1437 5541 ,eges
1452 5465 1572 5522 suerum,

131 5549 256 5609 Christus
265 5547 380 5604 lucerna
394 5554 437 5603 εει
451 5541 707 5602 aeternaincoelesti
718 5543 813 5611 lsrael,
830 5551 857 5600 et
875 5543 938 5598 ideo
1024 5559 1182 5618 jechonias,
1203 5558 1283 5614 psim-
1300 5556 1456 5625 peponi„
1476 5553 1646 5613 „mmm
1664 5552 1790 5617 pomini,

106 5714 113 5723 .
131 5645 259 5701 “mim
273 5652 393 5711 Semper·
409 5633 500 5708 Super
514 5632 614 5691 ⁵0lil¹ffl
628 5638 720 5689 albem
735 5631 823 5689 Dalid
837 5630 935 5690 fflssi‘ffl'
990 5646 1440 5723 sequenstechoniesproeparctio
1447 5640 1795 5703 Dominidicitur.lltrum·
