3772 6112
107 304 173 358 fust
775 294 822 350 DE
840 290 962 349 NORTE
980 292 1137 350 WETTlNl

1690 293 1759 350 tots

110 426 228 497 Quintus
243 425 321 481 adest
334 424 423 490 Tetto,
440 421 483 480 cui
498 420 585 494 gratia
598 434 700 494 magna
714 419 833 492 benigno
927 415 1078 477 ANescius
1091 419 1145 474 boc
1158 417 1267 490 scripsi,
1283 416 1446 490 penitusque
1458 424 1570 488 stupore
1583 414 1723 482 movebar,

111 515 231 574 Contulit
247 512 361 570 eximios
377 513 439 569 vitre
452 511 605 584 perducere
617 525 727 576 mores,

111 606 217 677 Nempe
232 603 366 675 palatinas
379 619 450 674 puer
463 610 505 658 est
519 599 666 656 translatus
681 599 716 654 nd
730 597 819 667 aulas,

111 693 168 751 Sed
182 692 284 749 Christi
298 691 406 748 fervore
421 691 504 760 cales,
520 689 648 746 mercede
662 687 773 745 sodales

112 783 222 841 Servilii
237 781 360 854 garrdere
374 795 439 835 suos
454 779 566 846 dimisit,
584 786 611 834 et
624 777 695 833 istud

111 871 273 928 Coenobium
287 869 456 942 ingrediens,
472 868 635 924 monachum
650 882 680 921 se
698 865 761 938 lege
771 864 876 939 ligavit,

110 962 169 1019 lloc
183 959 317 1029 recolens,
334 959 409 1032 quod
423 959 511 1030 prima
523 957 590 1012 inibi
605 957 771 1013 documenta
779 954 894 1026 recepit,

110 1051 161 1107 list
175 1049 312 1122 hodieque
326 1048 441 1121 probus,
459 1045 533 1113 felix,
549 1043 717 1118 spectabilis,
735 1051 824 1116 aptus.

112 1139 227 1195 Gaudeo
242 1138 315 1212 quod
329 1136 375 1192 tali
389 1151 499 1192 mereor
514 1150 613 1207 parere
628 1134 779 1207 magistro,

114 1229 197 1298 Cujus
213 1227 249 1284 ob
259 1226 389 1282 auxilium
404 1240 526 1298 praesens
539 1240 583 1280 me
597 1223 717 1279 continet
731 1231 806 1279 aetas.

111 1317 161 1374 tfis
175 1317 276 1374 etenim
292 1314 381 1388 quinis
395 1314 454 1370 risa
470 1322 552 1386 atque
567 1313 659 1369 audita
674 1318 797 1383 patenter

111 1407 142 1463 ln
157 1404 247 1461 verbis
262 1404 419 1476 scriptoque
435 1402 516 1458 simul
531 1402 604 1474 quod
616 1408 697 1457 nocte
712 1399 814 1455 notavit

113 1494 206 1551 Veloci
221 1501 348 1550 currente
362 1508 457 1562 mauu,
472 1491 608 1547 narrando
623 1490 755 1561 resignat.

114 1585 148 1640 Et
162 1598 279 1657 surgens
294 1588 449 1654 prostratus
464 1580 549 1646 humi,
566 1579 712 1636 commissa
727 1575 826 1633 remitti

114 1671 212 1737 Poscit,
228 1678 255 1726 et
270 1678 381 1727 orantes
396 1668 542 1725 Dormmm
556 1668 668 1739 placare
682 1673 832 1722 tonantem.

114 1759 314 1817 Commendans
328 1773 429 1815 arcana
443 1758 504 1828 Dei,
520 1757 544 1812 si
558 1762 645 1812 morte
658 1754 753 1810 fuisset

114 1849 225 1921 Raptus,
242 1858 270 1904 ut
286 1847 416 1904 inlunem
432 1847 517 1904 verbo
532 1845 688 1917 scriptoque
701 1843 837 1909 tulissent,

114 1939 162 1994 Sin
175 1939 252 2004 alias,
268 1938 410 2009 prodenda
425 1935 478 1991 sibi
491 1934 629 1991 dimittere
644 1948 770 2004 poscens.

114 2027 237 2100 Namque
252 2026 326 2098 cupit
340 2025 440 2097 patulis
456 2032 541 2080 totum
557 2023 659 2079 famare
673 2037 722 2094 per
736 2020 830 2077 orbem

114 2115 260 2182 Faucibus,
275 2123 302 2171 cf
316 2122 429 2170 cunctas
444 2113 585 2169 hominum
599 2112 716 2185 vulgare
729 2125 781 2182 per
794 2123 885 2164 aures.

114 2204 238 2277 Denique
251 2204 307 2259 vita
319 2218 444 2269 manens,
460 2202 483 2257 si
499 2216 613 2274 corpore
628 2206 715 2256 staret
731 2198 757 2253 in
772 2198 835 2263 isto,

115 2293 233 2350 Ulterius
247 2292 333 2349 voluit
350 2292 473 2348 strictam
488 2290 638 2363 perducere
652 2290 746 2355 vitam,

115 2382 150 2439 Ut
163 2389 270 2454 potaret
282 2397 391 2454 aquam,
407 2379 561 2454 mergentia
575 2378 674 2451 pocula
689 2390 848 2449 nunquam3

116 2471 242 2528 Pluribus
256 2470 369 2541 adjectis
384 2485 446 2542 quse
461 2485 533 2525 nuuc
548 2483 684 2540 exponere
698 2466 812 2539 longum
826 2471 878 2519 est,

116 2558 265 2633 inspiciunt
278 2558 379 2626 vultus,
394 2573 447 2615 nec
461 2557 563 2631 pallida
578 2556 664 2614 forrna
680 2556 803 2620 ridetur3

114 2650 176 2707 Non
190 2648 293 2704 macies
307 2647 402 2714 foedat,
419 2662 471 2704 nec
484 2647 610 2702 membra
623 2645 718 2702 dolore
729 2644 878 2717 rigescunt.

114 2740 263 2794 Attrectanf
276 2752 371 2805 uenas,
387 2735 450 2792 rivo
464 2752 526 2808 quaa
540 2735 673 2807 sanguine
687 2735 818 2808 gaudent,

113 2827 172 2883 Nec
187 2827 296 2897 signum
310 2824 410 2881 lethale
423 2825 517 2880 vident
530 2825 661 2880 mortisve
675 2825 820 2895 periclum.

114 2915 297 2988 Fidentesque
310 2915 413 2982 animo,
430 2913 492 2970 vitae
507 2913 669 2986 compendia
682 2915 818 2986 spondent

115 3005 268 3073 Praesentis,
285 3011 456 3076 mortemque
472 3002 567 3073 procul
582 3002 726 3060 discedere
740 3003 843 3061 dicunt.

115 3095 165 3150 llle
179 3094 278 3166 quibus
293 3108 425 3164 responsa
439 3092 524 3158 dedit,
542 3107 604 3164 quaa
618 3091 731 3163 protulit
745 3101 818 3160 ante,

116 3183 240 3240 Crastina
253 3197 371 3253 namque
386 3181 446 3237 dies
459 3181 576 3235 animam
595 3181 629 3236 da
640 3195 756 3253 corpore
768 3183 861 3254 pellet.

114 3271 215 3328 Taliter
230 3286 297 3343 ergo
311 3270 383 3326 diem
400 3269 489 3334 frater,
506 3278 710 3340 consumpserat
724 3270 810 3339 illam,

114 3362 319 3431 Instantemque
334 3366 419 3414 rotam
435 3358 523 3414 noctis
536 3357 645 3430 dieique
659 3360 808 3431 sequentis,

116 3450 286 3522 Exponendo
299 3455 402 3505 metum
416 3446 530 3520 gravida
544 3446 579 3503 de
594 3463 676 3504 carue
690 3463 816 3504 recessus
832 3466 839 3514 ;

116 3538 260 3610 Suspirans
273 3537 447 3611 gemitusque
462 3536 517 3591 imo
531 3535 565 3592 de
578 3542 690 3607 pectore
704 3534 829 3601 fundens,

115 3627 251 3682 Fratribus
265 3634 291 3682 et
305 3625 411 3684 cunctis
426 3640 504 3681 sesse
518 3624 688 3682 committere
704 3633 822 3692 certans,

116 3717 160 3773 Ad
174 3716 328 3788 multosque
341 3716 441 3771 breves
455 3713 577 3788 rogitans
592 3712 691 3769 direxit
705 3714 816 3782 amicos,

116 3807 151 3862 Ut
165 3804 267 3862 sanctis
281 3803 408 3875 precibus
422 3802 530 3858 reniam
542 3801 690 3874 implorare
705 3803 855 3861 studerent.

116 3896 173 3950 llas
187 3909 240 3967 ego
254 3890 414 3963 conscriptis
427 3890 553 3947 manibus
563 3891 661 3964 quibus
674 3891 726 3947 ista
740 3893 841 3950 notavi.

116 3983 239 4054 Denique
253 3996 316 4038 oum
330 3980 447 4052 primurn
460 3979 553 4035 radios
566 3979 730 4051 produxerat
743 3995 818 4047 aura,

116 4073 159 4127 lfa
174 4070 293 4127 vocitare
305 4068 393 4138 jubet,
410 4067 590 4140 residensque
605 4068 719 4143 infigere
734 4084 804 4127 cerae

117 4159 250 4230 Praecipit,
267 4167 350 4232 atque
364 4157 464 4213 breves
477 4157 521 4213 bis
534 4157 630 4230 quinas
644 4159 737 4225 dictat,
753 4158 857 4215 eisdem

119 4248 250 4305 Sensibus
266 4247 423 4311 adnectens,
441 4261 508 4317 quas
523 4245 567 4302 hic
580 4246 693 4319 signare
708 4248 859 4318 studemus,

117 4337 153 4394 Ut
166 4337 288 4409 perfecta
300 4334 369 4392 fides
381 4333 487 4391 cunctis
501 4334 643 4392 lucescere
656 4335 751 4407 possit,

117 4425 222 4496 Nempe
234 4425 330 4481 decem
344 4422 462 4488 fuerant,
478 4438 595 4495 quarum
609 4424 776 4495 conscriptio
791 4424 870 4480 talis:

963 504 1069 578 Quippe
1084 506 1156 562 diem
1170 513 1256 562 totum
1271 505 1323 562 soli
1337 505 1523 578 frangesimus
1537 503 1622 560 illum.

962 595 1041 651 Nunc
1055 595 1182 666 legimus,
1200 612 1271 652 nunc
1285 594 1410 651 membra
1416 594 1493 664 juvat
1501 606 1669 666 componere
1678 591 1763 664 lecto,

962 684 1006 740 lfa
1020 699 1103 755 sopor
1117 685 1263 756 oppressit,
1280 683 1391 756 uigilem
1406 697 1461 738 non
1475 680 1588 759 contigit
1602 680 1690 737 illum.

963 771 1031 829 Orat
1044 773 1073 830 in
1086 774 1223 839 excubitu,
1240 772 1329 845 surgit
1341 772 1518 844 graditurque
1533 769 1664 835 valenter,

963 869 1070 943 Vesper
1082 871 1148 939 adit,
1165 871 1329 942 tandemque
1343 869 1409 924 mibi
1424 877 1466 925 cst
1479 868 1520 924 sio
1532 882 1582 924 ore
1595 866 1702 924 locutus
1717 883 1725 922 :

964 959 1050 1027 Vade,
1066 976 1144 1033 puer,
1161 975 1318 1032 corpusque
1332 959 1394 1015 cibo
1408 958 1532 1014 relevare
1544 962 1691 1023 memento,

964 1050 1070 1121 Proque
1083 1050 1179 1106 labora
1194 1058 1242 1105 tuo
1256 1056 1347 1121 grates
1361 1047 1482 1121 digneris
1497 1047 1610 1103 habere.

963 1137 1094 1205 Discessi,
1110 1146 1272 1209 noctemque
1285 1137 1392 1192 minans
1405 1136 1447 1191 sol
1460 1135 1550 1208 vergit
1562 1134 1591 1189 in
1605 1148 1708 1205 aequor.

962 1228 1076 1299 Jamque
1090 1226 1146 1298 poli
1159 1227 1274 1299 pingunt
1287 1224 1420 1298 fulgentia
1434 1223 1523 1280 sidera
1538 1230 1672 1288 centrum,

963 1315 1118 1372 adveniunt
1131 1315 1241 1385 fratres,
1258 1315 1410 1387 sistuntque
1423 1314 1452 1368 in
1465 1313 1575 1369 domate
1588 1310 1675 1368 multi.

964 1404 1015 1472 Far,
1032 1405 1080 1476 nit,
1095 1404 1226 1461 incumbit
1238 1412 1338 1461 metam
1353 1402 1432 1459 finire
1446 1416 1603 1474 supremam

965 1493 1061 1549 Canus
1075 1493 1104 1548 in
1119 1494 1223 1560 exsilio,
1239 1501 1339 1550 terram
1354 1501 1488 1565 ferroeque
1501 1490 1613 1548 recondi

965 1581 1137 1638 Omnimodis
1149 1582 1277 1654 petimus,
1293 1597 1388 1638 sacras
1400 1580 1555 1653 protendite
1569 1579 1685 1651 palmas,

965 1671 1152 1744 Instantesque
1166 1672 1252 1743 preci,
1269 1679 1392 1727 nostrum
1407 1669 1545 1726 defendite
1558 1667 1650 1725 finem.

928 1761 1022 1839 Blles
1036 1761 1124 1817 inrisa
1138 1759 1265 1834 quidem!
1281 1761 1401 1832 psalmos
1412 1760 1486 1831 prior
1501 1758 1629 1814 omnibus
1643 1756 1688 1812 ille

966 1852 1199 1922 Antiphonasque,
1215 1849 1288 1906 velut
1302 1849 1414 1922 quidam
1425 1855 1587 1920 praecentor,
1604 1845 1718 1901 adorsus

964 1940 1129 2011 Principium
1145 1938 1278 2010 cujusque
1293 1953 1343 1993 suo
1358 1937 1494 2008 depromit
1508 1936 1544 1992 ab
1558 1950 1615 1991 ore.

965 2028 1060 2084 Finitis
1074 2027 1157 2101 igitur
1171 2026 1356 2092 concentibus,
1373 2025 1418 2081 ille
1432 2040 1579 2096 parumper

965 2117 1090 2189 llespirat
1099 2116 1225 2188 pauidus,
1241 2115 1394 2188 fratresque
1406 2115 1440 2169 ad
1455 2122 1540 2169 strate
1553 2119 1708 2178 recurrunt,

964 2206 1058 2278 Surgit
1074 2213 1100 2262 et
1115 2206 1168 2261 huc
1180 2204 1299 2276 illucque
1315 2203 1386 2259 riam
1400 2202 1545 2259 deflectere
1560 2208 1654 2269 tentat,

965 2295 1075 2362 AEstuat,
1092 2308 1246 2367 agnoscens
1260 2292 1340 2348 velox
1355 2292 1428 2364 quod
1441 2289 1572 2346 transitus
1585 2289 1676 2354 instet,

965 2383 1072 2440 Decidit
1086 2383 1114 2437 in
1128 2381 1228 2438 lectum
1241 2381 1342 2437 Christi
1357 2379 1485 2451 mysteria
1498 2393 1619 2444 sumens,

965 2472 1067 2529 Clausit
1076 2478 1103 2527 et
1116 2480 1264 2526 extremam
1279 2470 1342 2526 vitra
1357 2468 1493 2524 mutabilis
1505 2467 1612 2523 horam.

964 2562 1007 2617 En
1020 2559 1176 2616 venerande
1191 2560 1278 2628 Pater,
1294 2558 1399 2615 calcem
1413 2555 1568 2627 compulsus
1583 2553 1657 2610 adivi

1036 2649 1119 2720 Cujus
1133 2647 1297 2720 principium
1311 2648 1407 2702 horror
1420 2645 1496 2701 adire
1508 2644 1566 2699 fuit.

965 2737 1026 2793 Non
1043 2737 1141 2810 ignoro
1149 2738 1259 2810 quidem
1274 2736 1345 2793 vitiis
1358 2736 1471 2792 sordere
1486 2746 1654 2790 camoeuam:

1036 2828 1162 2883 Extortos
1177 2826 1269 2898 apices
1282 2833 1398 2898 protege
1408 2824 1432 2879 si
1446 2823 1548 2879 valeas.

965 2914 1031 2973 Ales
1045 2914 1117 2970 enim
1128 2929 1298 2987 quascunque
1314 2929 1378 2969 suas
1391 2926 1559 2984 praecurrere
1572 2924 1677 2981 pennas

1037 3003 1158 3074 Cogitur,
1175 3019 1208 3058 ex
1221 3002 1328 3074 superis
1342 3001 1444 3058 corruit
1459 3001 1513 3056 ima
1526 3005 1633 3071 petens.

965 3092 1011 3147 Nil
1024 3091 1157 3163 prodesse
1172 3091 1241 3157 scio,
1256 3099 1348 3146 tamen
1363 3097 1405 3145 est
1417 3104 1514 3161 parere
1529 3102 1653 3144 necesse.

1038 3181 1095 3236 ffoc
1108 3180 1195 3252 potuit
1209 3179 1340 3235 Dominus
1353 3194 1436 3250 quam
1450 3191 1530 3234 sacra
1543 3177 1625 3231 thura
1638 3175 1722 3248 cupit.

968 3269 1065 3325 Vestra
1080 3283 1199 3339 sequens
1212 3267 1321 3323 humilis
1335 3266 1451 3323 famulus
1465 3264 1593 3322 mandata
1607 3263 1701 3348 peregi

1039 3357 1125 3411 AEtate
1140 3362 1167 3410 ct
1181 3371 1265 3411 sensu
1279 3356 1368 3426 impar
1381 3356 1416 3410 ad
1429 3355 1501 3411 istud
1515 3370 1594 3426 opus.

967 3445 1008 3501 Ne
1023 3452 1132 3515 reputes
1147 3458 1202 3499 uon
1215 3459 1298 3515 posse
1312 3459 1412 3509 meum,
1429 3442 1478 3498 sed
1493 3442 1562 3499 velle
1578 3441 1678 3509 videto,

1021 3535 1108 3606 Atque
1122 3532 1195 3586 bono
1210 3532 1303 3603 vigeas
1317 3529 1401 3602 longa
1414 3546 1464 3602 per
1478 3545 1537 3587 aera
1552 3537 1632 3585 statu.

1216 3621 1311 3675 Amen.

1179 3852 1227 3909 DE
1240 3849 1361 3907 MORTE
1375 3848 1540 3908 WE‘FFINI.

1162 3981 1199 4022 an
1214 3981 1377 4023 curuxnuurr
1388 3979 1580 4035 currumpunt.

1022 4075 1148 4131 Scribere
1163 4074 1238 4130 nulla
1247 4075 1332 4144 jurat,
1349 4074 1466 4147 scriptor
1480 4073 1543 4147 quia
1555 4078 1650 4130 noster
1667 4068 1761 4138 obivit,
1856 4055 1864 4062 “

968 4164 1039 4233 Quia
1052 4178 1124 4220 nova
1137 4162 1294 4235 pectoribus
1309 4163 1471 4218 monstrarit
1482 4163 1612 4236 dogmmn
1625 4159 1736 4218 nostris.

968 4252 1114 4308 AEdifrcnre
1129 4252 1224 4309 volens
1238 4251 1350 4324 longum
1364 4251 1480 4307 stabilita
1492 4268 1542 4324 per
1553 4267 1641 4308 aarum

967 4341 1060 4408 Tecta,
1077 4341 1125 4396 sod
1140 4341 1270 4397 indomita
1282 4349 1439 4412 praeventus
1452 4349 1548 4406 morte,
1564 4338 1685 4414 nequiuit

968 4430 1082 4486 Culmen
1097 4429 1125 4485 in
1139 4430 1231 4486 aerios
1245 4429 1338 4502 templi
1352 4429 1494 4485 sustollere
1510 4444 1616 4485 cursus.

181 4513 389 4571 venerabillimo
402 4513 430 4569 in
444 4511 551 4570 cbristo
566 4513 637 4568 Patri
653 4512 692 4569 ill.
709 4513 850 4569 Wettinus
858 4513 915 4583 iam
928 4494 955 4555 D
966 4519 1090 4574 Forsitan
1103 4518 1208 4590 indigni
1223 4518 1324 4574 fuimus
1338 4517 1461 4589 sapiente
1475 4518 1618 4591 magistro,

116 4601 231 4659 deuotus
243 4611 337 4658 uester
350 4613 481 4661 aeternam
492 4604 520 4659 ni
537 4601 653 4658 Domino
668 4601 795 4658 salutem.
811 4601 915 4674 Scripsi
965 4608 1020 4664 Sed
1036 4607 1096 4663 ficet
1112 4609 1184 4662 hunc
1199 4592 1323 4663 coefes‘tia
1337 4622 1392 4663 uon
1405 4607 1561 4663 dubitemus
1573 4607 1674 4676 adisse,

116 4690 195 4745 robis
208 4691 236 4746 iu
250 4691 346 4748 mortis
356 4693 487 4764 periculo,
503 4691 610 4764 etquis
623 4691 749 4760 juventus
763 4690 852 4746 adbuc
862 4690 915 4746 flo-
964 4695 1141 4753 Abscessisse
1155 4702 1248 4751 tamen
1261 4703 1369 4752 nosmet
1381 4694 1485 4752 deffere
1499 4711 1612 4753 necesse
1625 4703 1677 4753 est.

118 4777 178 4846 ruit,
196 4778 230 4833 de
244 4778 299 4835 alio
313 4782 414 4837 sreculo
427 4796 517 4838 meam
531 4778 713 4834 infirmitatem
727 4778 871 4834 consolare
965 4785 1072 4841 Primus
1086 4784 1130 4840 hic
1143 4783 1251 4840 incultis
1264 4784 1403 4840 mandavit
1416 4784 1520 4841 semina
1534 4785 1617 4840 sulcis
1627 4792 1650 4851 ⁸,

117 4867 277 4939 dignemini,
293 4877 322 4923 ut
336 4869 418 4938 hujus
432 4868 613 4941 corruptionis
628 4867 700 4923 mole
721 4867 854 4939 deposita,
878 4867 915 4922 ibi
967 4874 1002 4930 Ut
1015 4872 1130 4930 collecta
1146 4888 1227 4945 seges
1236 4880 1381 4946 gereretur
1395 4873 1429 4927 ad
1443 4872 1542 4929 horrea
1556 4873 1665 4939 Christi,

116 4971 226 5026 quoque
240 4956 374 5028 gravitate
389 4972 533 5029 poenarum
547 4971 602 5012 non
624 4955 822 5028 constringar:
844 4955 867 5011 si
882 4955 916 5011 ad
966 4962 1121 5019 Mercedem
1136 4969 1162 5018 et
1175 4961 1316 5032 propriam
1330 4961 1476 5033 preclarus
1491 4961 1605 5018 baberet
1619 4969 1718 5020 arator.

117 5060 204 5116 usque
217 5053 327 5100 centum
340 5045 441 5102 missas
453 5053 616 5118 centumque
631 5044 761 5100 Psafteria
782 5059 917 5116 pervene·
967 5051 1025 5108 ffoc
1039 5050 1157 5106 studium
1170 5048 1228 5118 fuit,
1251 5050 1304 5107 hoc
1327 5058 1429 5117 votum,
1452 5051 1504 5107 boc
1526 5051 1606 5108 etiarn
1627 5052 1689 5126 ipsa
1712 5071 1764 5112 uo·

118 5133 153 5187 rit
167 5132 263 5201 oratio,
281 5133 332 5188 erit
350 5150 457 5190 merces
476 5142 560 5190 certa.
581 5131 660 5200 Vale,
683 5148 765 5205 quem
785 5134 843 5204 jnm
861 5148 916 5190 non

117 5236 226 5276 mereor
239 5221 342 5277 videre.

118 5311 195 5366 lfunc
209 5309 345 5382 finemque
361 5310 453 5367 Brevis
464 5310 545 5380 jussit
558 5310 666 5367 firmare
680 5326 731 5382 per
745 5326 851 5381 omnes,

117 5397 196 5468 Quod
212 5399 278 5454 dum
292 5407 462 5455 commutans
476 5386 555 5455 ali'ter
568 5398 743 5456 conscribere
752 5398 861 5466 vellem,

118 5487 191 5543 Dixit
205 5497 234 5543 ut
249 5489 322 5544 haud
336 5488 427 5544 dubiis
441 5502 551 5561 possem
565 5488 606 5544 sic
621 5488 715 5545 dicere
728 5487 820 5544 verbis
836 5505 843 5543 :

1649 5142 1763 5218 [luntas.

966 5228 1125 5302 Plangimus
1138 5228 1245 5285 interno
1259 5228 1416 5301 compuncti
1429 5229 1513 5286 corda
1529 5231 1641 5289 dolore:

966 5317 1076 5374 Flemus
1089 5333 1184 5391 agnam
1195 5318 1284 5375 subito
1298 5325 1373 5375 tanto
1387 5319 1490 5377 cultore
1503 5335 1606 5379 carere.

966 5403 1000 5458 Et
1015 5402 1141 5473 specialis
1155 5417 1209 5475 ego
1223 5402 1394 5476 ingeminans
1410 5414 1542 5462 connecto
1556 5406 1673 5463 lacertos

966 5491 1042 5547 lfore
1057 5491 1224 5562 orbatorum,
1240 5492 1377 5563 placidum
1392 5493 1518 5550 deflendo
1531 5500 1684 5565 patronum.

150 5673 163 5701 ι
178 5663 224 5711 uis
233 5663 351 5712 versibus
360 5663 435 5713 docnt
445 5661 740 5712 walafrfduswettinum
751 5662 836 5721 nnat·
845 5662 1074 5714 fittarasdocuiaaa.
1088 5666 1151 5713 ltu.
