3772 6112
177 287 229 340 683
435 277 636 336 watstein!
652 273 772 331 studet
788 271 889 328 FULD.
904 266 1080 325 tt0N.01‘1>.
1096 267 1185 324 PARS
1199 268 1220 323 1.
1235 297 1269 309 -
1283 266 1520 325 THEOLOGlCd.
1775 267 1825 320 tat

177 407 264 463 lsrael
287 406 402 462 salutem
424 405 564 468 habuerat,
588 409 684 475 gentos
708 397 847 454 adunavit.
872 396 973 467 Repete
986 394 1155 456 Adiabentcs
1176 393 1328 448 libertatem
1351 400 1472 449 vestram
1495 393 1523 446 in
1547 390 1674 447 velamen
1695 388 1822 456 malitia,

177 496 377 555 sacerdotium.
396 493 505 550 Summi
527 490 679 547 sacerdotis
703 487 812 558 corpori
835 485 912 551 uniti,
929 483 974 556 qui
1027 489 1091 553 etc,
1108 499 1194 556 usque
1209 484 1244 539 ad
1258 482 1330 537 uude
1345 481 1420 537 addit
1437 500 1444 536 :
1460 481 1513 538 Sed
1527 483 1602 537 suat
1616 480 1691 536 sarai
1706 480 1767 535 Dei.

177 601 292 659 regnum
308 599 429 655 sperare,
446 590 471 637 et
482 580 583 635 hostias
599 578 777 634 immaculatae
791 573 975 632 conversatio·
1061 573 1145 626 Vens.
1164 574 1207 627 11.
1219 602 1253 611 -
1263 573 1486 627 Fratcruitatcua
1496 570 1619 642 dilipitc.
1635 569 1703 639 (lu.)
1713 567 1825 623 Etinter

176 676 219 731 nis
235 676 292 730 Deo
307 672 406 729 oll'erre
420 671 565 728 debebant.
578 667 828 743 domumculam
843 665 975 738 sanguiue
1024 660 1124 727 omnia,
1141 661 1222 716 etiam
1234 660 1296 715 illos
1312 660 1358 732 qui
1380 659 1534 715 conditione
1550 656 1697 730 temporali
1712 655 1825 727 subjecti

176 762 370 834 redemptionis
385 762 443 832 ejus
458 761 526 817 sieut
541 768 600 814 erut
615 759 751 831 quondam
762 755 879 828 populus
891 753 975 808 lsrael
1027 759 1089 805 sunt
1103 750 1190 818 vebis,
1207 758 1236 804 ut
1249 748 1347 804 iratres
1361 749 1389 803 in
1405 748 1511 803 Christo
1526 747 1642 821 diligite.

176 852 334 922 redemptus
349 850 481 923 sanguine
498 848 603 921 aguide
614 848 739 920 dlgypto.
757 844 834 902 Unde
849 851 875 899 et
890 843 917 898 in
932 858 976 897 se·
1062 839 1147 894 Vane.
1163 842 1205 894 18.
1225 869 1250 879 -
1265 839 1344 919 Serui
1358 838 1486 911 sabjecti.
1503 839 1654 909 Hucusque
1669 835 1826 891 exhortatus

177 939 269 1012 quenti
284 955 366 994 versu
381 939 494 1011 mystice
511 937 673 993 recordatur
687 935 788 990 veteris
803 932 933 1000 historiae,
949 939 976 988 et
1026 936 1067 983 est
1081 927 1184 984 liberos
1207 927 1241 981 ad
1265 927 1472 998 subjectionem,
1495 941 1569 982 nunc
1592 924 1680 982 servis
1697 923 1825 996 loquitur,

174 1029 246 1085 bane
259 1028 411 1100 specialiter
426 1027 454 1082 in
464 1041 518 1082 uno
534 1025 634 1097 populo
652 1024 789 1095 impletum
804 1022 894 1078 docet.
1025 1025 1055 1072 ut
1069 1025 1096 1072 et
1110 1016 1162 1088 ipsi
1176 1016 1291 1087 subiecti
1307 1016 1360 1071 sint
1374 1015 1501 1072 dominis.
1526 1016 1587 1073 Nou
1606 1019 1725 1070 tantum
1738 1014 1825 1071 beau.

212 1118 408 1175 denuntietis.
426 1115 538 1186 (Baua.)
562 1115 636 1170 Sicut
659 1112 765 1169 liberati
789 1112 824 1168 de
848 1111 974 1183 AEgypto,
1026 1105 1087 1161 Alia
1102 1104 1333 1162 translatiotllon
1347 1105 1551 1161 tautumboais
1568 1107 1598 1160 ct
1612 1101 1826 1160 osodcstlstsed

173 1205 338 1277 triumphale
361 1221 471 1262 cannen
502 1204 618 1260 Domino
639 1208 830 1267 cantaverunt,
860 1199 899 1255 ita
925 1213 976 1253 uos
1027 1196 1114 1252 etiam
1130 1195 1343 1266 difficilioribus.
1360 1193 1589 1267 Dyscolis.ldest
1602 1190 1825 1264 indisciplinatis.

174 1303 237 1368 pest
252 1295 380 1350 tenebras
394 1293 549 1360 dissolutas,
562 1300 622 1364 post
631 1299 768 1363 acceptam
783 1288 977 1345 remissionem
1027 1282 1126 1339 Schola
1148 1282 1254 1351 Graece,
1278 1282 1373 1338 Latine
1390 1282 1477 1352 loeus,
1502 1282 1531 1337 in
1553 1281 1658 1354 quoad
1674 1279 1827 1336 audiendos

174 1400 226 1457 per
238 1383 376 1439 Christum
392 1383 438 1455 qui
452 1399 503 1439 nos
517 1382 590 1438 ducit
600 1381 635 1437 ad
649 1381 767 1453 patriam
778 1394 903 1450 supernas
916 1377 976 1432 cla-
1026 1371 1175 1445 magistros
1202 1371 1356 1426 liberalium
1382 1371 1482 1427 artium
1509 1370 1729 1436 conveniebant,
1757 1369 1828 1425 unde

175 1473 263 1528 sitatis
278 1471 410 1529 debemus
421 1472 479 1528 Deo
488 1471 639 1543 rependere
652 1470 754 1543 gmtias
768 1468 868 1540 dignas
882 1465 978 1523 coeles·
1026 1461 1122 1516 schola
1135 1460 1240 1516 vacatio
1255 1460 1458 1531 interpretatur,
1480 1459 1545 1532 quia
1568 1458 1606 1514 ibi
1622 1459 1759 1515 vacabant
1768 1467 1826 1513 stu-

175 1561 247 1618 tibus
261 1559 410 1617 beneficiis.
1026 1549 1088 1604 diis.
1106 1549 1265 1605 scholastici
1280 1548 1363 1622 igitur
1383 1556 1445 1605 sunt
1465 1547 1572 1604 emditi.
1590 1547 1705 1620 Dyscoli
1727 1546 1827 1604 indocti

212 1665 655 1738 vm‚1p‚..0upapqmp0‚
680 1663 747 1737 (pn.)
761 1662 830 1718 Hinc
847 1661 977 1734 probam,
1026 1646 1053 1694 et
1076 1646 1208 1711 agrestes.
1230 1639 1304 1694 Ecce
1327 1638 1465 1710 quomodo
1489 1653 1573 1709 supra
1594 1637 1728 1694 monebat
1748 1636 1827 1692 subdi

176 1755 251 1830 qued
264 1757 336 1813 bane
350 1755 494 1827 epistolam
508 1754 601 1812 scribit
621 1753 664 1809 bis
684 1753 730 1825 qui
753 1752 787 1808 de
800 1750 927 1825 gentibus
940 1749 976 1804 ad
990 1727 1154 1827 Bhunfflnae
1168 1735 1300 1784 ⁰f⁰⁸¹l¹fae
1313 1736 1427 1799 11101181·
1440 1727 1538 1782 Deum·

175 1843 259 1901 fidem
272 1854 411 1901 venerant.
428 1847 610 1899 dssumuntur
632 1843 659 1896 hi
673 1857 769 1898 versus
784 1841 819 1896 de
833 1838 977 1912 prophetia
1063 1816 1139 1871 vm
1160 1817 1633 1915 19·ᾗ·311101)16100113οῐθι1ὶῑα”1
1647 1812 1827 1886 06131110·

179 1932 260 1990 Oseae
273 1933 302 1987 in
316 1948 368 2005 qua
382 1933 471 2004 agitur
484 1933 519 1988 da
534 1931 676 1988 vocatione
691 1930 829 1986 Gentium,
1027 1912 1068 1960 ter
1082 1905 1169 1960 Deum
1185 1912 1316 1959 serentem
1336 1904 1437 1959 bonam
1459 1911 1640 1961 mtentronem
1659 1903 1760 1976 aliquas
1778 1918 1826 1974 pa·

216 2040 302 2096 tras.
320 2043 410 2094 11.-
427 2038 602 2096 dicarisst'mi.
619 2037 685 2110 (lu.)
701 2039 845 2108 Hucusque
861 2050 978 2107 genera·
1048 2082 1052 2092 .
1214 2083 1218 2092 .
1307 2082 1312 2093 .
1646 2083 1651 2093 .
1683 2082 1711 2093 ..

178 2128 244 2186 liter
258 2128 385 2184 instruxit
394 2127 559 2193 Ecclesiam,
574 2135 639 2193 ctu,
652 2127 782 2200 usquead
797 2125 908 2180 libertas
918 2125 979 2181 vitae
1027 2091 1093 2199 Ψ
1110 2090 1137 2138 et
1147 2090 1294 2182 ‚susmem'
1306 2083 1334 2138 ld
1349 2091 1392 2139 θεῖ
1404 2083 1480 2182 leve?
1495 2090 1603 2154 repum
1618 2091 1756 2193 msuufs'
1771 2083 1827 2138 ha

1029 2179 1070 2226 est
1085 2180 1182 2243 gratia,
1206 2180 1233 2227 et
1252 2188 1303 2243 per
1325 2172 1379 2228 hoe
1402 2170 1515 2229 efficitur
1528 2180 1627 2246 gratus
1642 2173 1713 2242 Dee,
1732 2180 1761 2228 et
1779 2171 1827 2227 boe

180 2217 345 2275 remissioris
369 2218 472 2286 majora
512 2215 703 2272 illecebrarum
720 2213 884 2270 titillantium
908 2212 979 2269 tole·
1029 2260 1113 2332 exigit
1127 2259 1215 2332 gralia
1231 2259 1306 2317 fidei·

1064 2351 1180 2405 Peticus
1195 2350 1312 2420 injuste.
1329 2348 1358 2404 Si
1373 2347 1473 2418 injuste
1496 2348 1630 2421 patimini,
1648 2347 1766 2422 gratiam
1780 2347 1826 2404 Dei

1029 2437 1178 2510 acquiritis.
1194 2438 1263 2492 Nam
1286 2438 1309 2492 si
1330 2453 1379 2493 vos
1398 2436 1518 2493 suffertis
1541 2437 1680 2509 patienter
1695 2436 1826 2509 poenasil-

1029 2523 1097 2578 latas
1111 2538 1128 2578 a
1143 2523 1270 2593 dominis,
1282 2539 1333 2579 vos
1348 2523 1410 2579 dico
1420 2531 1568 2595 peccantes
1583 2522 1706 2579 nolendo
1720 2523 1827 2579 obedire

1030 2612 1071 2668 cis
1085 2619 1112 2667 et
1125 2611 1287 2683 colaphizati
1301 2612 1336 2667 ab
1351 2611 1418 2683 ipsis
1433 2612 1560 2679 dominis,
1581 2611 1610 2667 id
1625 2620 1668 2668 est
1683 2628 1758 2684 saepe
1771 2627 1827 2669 cor·

1031 2700 1099 2757 recti
1112 2700 1147 2756 ab
1160 2700 1225 2772 illis,
1241 2707 1270 2755 ut
1284 2716 1335 2773 per
1349 2700 1481 2772 colaphos
1496 2701 1532 2756 ad
1546 2700 1735 2757 obediendum
1749 2700 1827 2755 indu·

217 2769 355 2826 Virasia.
367 2769 449 2824 -Ex
459 2768 537 2823 bouis
548 2766 675 2839 operibus
683 2763 981 2835 considerantes.(lu.)
1031 2790 1140 2857 camini,
1156 2807 1217 2862 qum
1231 2789 1318 2863 grafia
1342 2789 1394 2845 esp
1415 2789 1494 2846 vobis
1518 2789 1602 2846 indeq
1616 2789 1703 2858 Nihil,
1718 2798 1828 2863 propper

182 2857 342 2928 Plemmque
357 2856 479 2929 contigit,
494 2863 523 2910 ut
537 2855 636 2926 pagani
646 2855 692 2926 qui
702 2851 982 2926 vituperabantfidem
1031 2880 1084 2936 hoc
1098 2879 1238 2951 accipietis
1252 2894 1269 2933 a
1285 2880 1352 2935 Deo·

182 2945 408 3011 Christianorum,
424 2952 520 3016 postca
542 2943 746 2999 considerantes
768 2942 867 2998 bonam
886 2956 983 2998 eorum
1065 2969 1204 3026 Vns-24·
1218 2998 1253 3008 „
1260 2969 1292 3024 ιη
1303 2969 1353 3025 hoc
1364 2970 1441 3025 enim
1451 2970 1553 3026 vocati,
1569 2967 1684 3024 Multum
1697 2966 1829 3043 glorifica,

181 3034 429 3099 ⁰⁰¹¹Ve¹¹⁸⁸ti⁰¹¹⁰mv
445 3031 580 3088 Christum
595 3031 705 3087 landam
715 3031 874 3102 inciperem·
1032 3056 1214 3114 conditionem
1229 3072 1379 3123 servorum,
1397 3072 1467 3129 quos
1477 3055 1684 3115 benefacientes
1694 3058 1830 3131 etabsque

217 3149 305 3205 Vnus.
322 3151 366 3202 13.
376 3177 409 3190 -
427 3147 550 3218 Satjcctt
564 3147 655 3218 icitur
665 3150 752 3204 estote
763 3147 842 3203 omni
852 3131 1018 3202 lamanai}
1032 3146 1112 3218 culpa
1125 3145 1286 3217 vapulantes
1301 3161 1318 3201 a
1333 3145 1449 3202 dominis
1463 3145 1639 3213 crudelibus,
1658 3154 1686 3203 ει
1700 3146 1830 3220 improbis

183 3241 322 3294 creaturae
334 3240 450 3309 propter
464 3238 563 3305 Desara,
579 3238 636 3292 stoc
646 3237 713 3308 rapi,
722 3243 773 3291 etc.
784 3236 819 3289 Et
828 3243 857 3290 ut
867 3250 982 3291 conver·
1032 3235 1147 3292 affirmat
1160 3235 1311 3291 imitatores
1327 3252 1388 3291 esse
1404 3235 1553 3292 Dominicae
1567 3234 1718 3308 passionis.

185 3327 252 3382 satio
267 3333 358 3381 vestra
372 3324 498 3380 omnibus
511 3324 624 3396 placcat,
635 3340 690 3379 non
700 3323 834 3379 resistatis
850 3323 930 3379 alicui
940 3323 982 3378 di·
1070 3326 1141 3395 Quia
1155 3328 1185 3382 ct
1199 3326 1336 3382 ditristus.
1358 3324 1469 3397 (Bona.)
1491 3325 1558 3380 Cum
1584 3342 1667 3398 supra
1682 3325 1831 3398 specialiter

181 3415 277 3489 gnitati
293 3414 439 3479 hominum,
457 3414 536 3470 alicui
560 3429 696 3485 personae,
723 3413 802 3469 alicui
818 3411 981 3485 principatui
1032 3429 1137 3483 servos,
1149 3430 1221 3471 nunc
1236 3421 1320 3470 totam
1341 3413 1494 3470 Ecclesiam
1515 3415 1624 3470 instruit
1640 3421 1670 3470 ut
1686 3415 1769 3471 etiam
1783 3415 1830 3472 de-

181 3504 225 3561 cui
238 3505 312 3562 Deus
327 3519 376 3559 vos
387 3502 466 3558 subdi
480 3501 572 3568 voluit,
589 3502 650 3574 quia
671 3518 725 3557 non
740 3510 781 3558 est
796 3504 917 3573 potestas
928 3500 981 3556 nisi
1032 3503 1113 3559 minis
1128 3504 1155 3559 in
1171 3503 1332 3560 memorium
1347 3511 1466 3572 revocet,
1488 3503 1553 3576 quid
1567 3519 1617 3576 pre
1633 3520 1733 3562 eorum
1748 3504 1830 3562 salute

180 3607 196 3646 a
210 3593 278 3659 Deo,
294 3600 321 3648 et
335 3591 381 3664 qui
395 3591 521 3663 potestati
543 3590 652 3658 resistit,
677 3591 727 3646 Dei
751 3590 915 3647 ordinationi
934 3605 981 3645 re·
1031 3593 1075 3648 vel
1089 3593 1249 3648 liberatione
1264 3609 1329 3647 suus
1343 3601 1436 3648 auctor
1451 3593 1600 3665 pertulerit.

182 3681 262 3737 sistit.
280 3680 316 3736 Et
325 3689 476 3737 creaturam
498 3697 548 3752 per
567 3687 659 3752 partes
675 3680 785 3752 exponit
799 3679 906 3748 ducas,
924 3681 982 3735 siue
1068 3680 1386 3738 Vsus.23.-Trodcbat
1399 3684 1496 3737 autem
1507 3680 1657 3754 judicanti
1670 3698 1700 3740 sc
1714 3682 1827 3756 injuste.

182 3771 257 3842 licei,
274 3778 326 3826 etc.
1032 3768 1089 3824 lllis
1100 3769 1285 3839 judicantibus
1300 3769 1451 3826 secundum
1475 3769 1603 3839 injustam
1621 3769 1727 3843 legem,
1744 3777 1830 3843 utpote

218 3877 304 3933 vm·
321 3877 365 3931 qq,
380 3907 415 3918 ,
441 3877 584 3948 Tanquam
607 3877 640 3932 ap,
662 3892 693 3932 ,30
716 3877 821 3932 missis·
846 3872 982 3929 pqupmjes
1027 3857 1117 3928 justus
1132 3857 1275 3914 exsistens.
1292 3857 1365 3926 Sive,
1381 3859 1504 3914 tradebat
1519 3859 1578 3914 Deo
1592 3859 1670 3915 Patri
1684 3859 1831 3930 injustejta

184 3965 261 4020 Deus
285 3964 406 4036 aliquem
439 3964 540 4018 malum
563 3963 735 4036 tyrannidem
761 3979 892 4019 exercere
917 3978 981 4035 per.
1031 3945 1163 4017 (1108111θὲ,
1181 3947 1209 4002 ld
1223 3955 1264 4002 &Sl
1283 3963 1330 4003 QOS
1346 3946 1392 4019 qui
1407 3963 1469 4003 eum
1483 3947 1653 4020 nequissime
1669 3947 1830 4005 condemna-

183 4051 272 4121 mittit,
288 4060 317 4107 ut
332 4059 359 4108 et
373 4051 436 4106 mali
449 4051 662 4119 confundantur,
685 4059 712 4107 et
735 4052 799 4108 boni
814 4051 902 4123 magis
915 4066 982 4122 pre·
1031 4035 1108 4101 bani»
1118 4044 1145 4091 0²
1160 4035 1221 4092 '¹⁰⁰5
1236 4036 1294 4105 ρ1119
1319 4036 1464 4104 insllbffllb
1488 4044 1517 4091 ¹¹²
1542 4036 1680 4109 supplicia
1696 4046 1829 4094 sument&

184 4140 292 4197 beatur.
1031 4124 1195 4181 erudiantur.
1215 4124 1311 4198 Tangit
1334 4124 1522 4198 evangelicam
1536 4125 1711 4197 parabolam,
1730 4126 1777 4182 ubi
1791 4126 1829 4182 di·

1028 1992 1098 2049 tiens
1112 2009 1129 2049 a
1143 1991 1259 2049 Domino
1270 1993 1429 2049 verberatur
1443 1993 1552 2064 injuste,
1568 2010 1632 2050 cum
1646 1993 1673 2049 ei
1683 1993 1754 2049 bene
1768 2009 1826 2048 ser·

180 2323 242 2363 rare
256 2305 386 2378 pericula.
397 2308 539 2378 Tanquam
553 2305 687 2360 advenas.
702 2304 743 2359 Eo
753 2303 844 2358 minus
858 2302 979 2357 animum

180 2395 295 2452 terrenis
310 2395 394 2450 rebus
409 2394 563 2465 supponite,
584 2409 638 2465 quo
661 2408 711 2449 vos
730 2392 845 2464 patriam
860 2391 888 2446 in
902 2390 980 2447 eoelis

181 2484 284 2541 babere
298 2482 468 2540 meministis.
485 2482 603 2554 Reprobi
618 2481 662 2538 bic
676 2482 776 2537 babent
789 2480 917 2553 patriam,
933 2496 980 2536 cu·

177 2573 223 2643 jus
238 2572 382 2630 desideriis
399 2571 513 2639 inhiant,
536 2571 599 2627 ideo
624 2570 817 2642 relegabuntur
836 2569 864 2625 in
879 2585 981 2641 perpe-

182 2670 258 2718 tuum
272 2661 407 2731 exsilium,
422 2668 548 2717 carentes
562 2659 756 2731 voluptatibus.

219 4229 262 4287 ,td
276 4229 442 4286 undictam,
468 4228 580 4300 (pm)
602 4229 660 4284 1100
683 4227 758 4295 dicia,
774 4244 828 4284 non
840 4237 931 4284 [amen
945 4228 983 4283 pa
1030 4213 1101 4269 citur
1115 4213 1187 4285 quod
1202 4213 1264 4285 pius
1279 4221 1383 4284 pastor,
1395 4214 1497 4270 relictis
1507 4215 1659 4289 nonaginta
1669 4216 1829 4273 novemou‘·

183 4318 257 4394 qu0d
272 4334 381 4390 semper
393 4316 448 4384 fiat,
465 4318 514 4373 sed
528 4334 589 4390 qum
607 4333 669 4372 esse
692 4316 791 4372 debeat
808 4317 878 4373 30110
894 4317 981 4386 ducis,
1031 4301 1083 4356 bus
1098 4301 1126 4356 in
1136 4302 1253 4368 deserto,
1271 4302 1374 4357 tranem
1396 4302 1504 4359 visitare
1529 4320 1612 4359 unam
1628 4321 1692 4377 quae
1705 4305 1829 4377 perierat.

183 4408 342 4481 simpliciter
361 4414 460 4474 narrat,
487 4406 534 4478 qui
555 4406 663 4462 etiamsi
685 4405 772 4462 bonos
787 4407 912 4474 damnat;
928 4422 984 4463 non
1068 4391 1154 4446 Vssls·
1169 4393 1214 4449 25·
1227 4392 1305 4446 ‘Et
1319 4392 1487 4465 0P5⁵⁶0P²⁴llb
1503 4391 1554 4448 Vel
1565 4391 1749 4464 liSiffllOl'ems
1763 4391 1830 4467 (111οᾱ

183 4498 274 4554 minus
290 4497 325 4553 ad
338 4496 446 4553 laudem
468 4511 563 4552 eorum
586 4495 703 4566 pertinet
726 4495 799 4566 quod
818 4496 884 4567 agit,
901 4496 924 4550 si
938 4493 1019 4567 pap)
1035 4479 1107 4535 idem
1131 4487 1181 4534 est.
1205 4479 1359 4551 Episcopus
1380 4480 1462 4549 enim,
1481 4481 1508 4536 id
1530 4489 1572 4536 est
1594 4483 1829 4553 superintendens,

183 4587 282 4642 beuter
294 4586 495 4657 improbitatem
514 4586 572 4655 ejus
588 4585 702 4642 tolerant
715 4584 789 4650 boni,
806 4592 832 4640 et
847 4585 984 4656 sapienter
1037 4569 1101 4642 quia
1115 4569 1190 4626 0⁶⁰12'
1204 4568 1316 4626 nomint
1340 4586 1425 4642 mlle?
1445 4571 1545 4639 iustos,
1570 4574 1599 4626 0²
1620 4588 1708 4628 “um
1727 4574 1788 4644 ‘7⁸2⁸
1803 4571 1833 4625 ὓ)

184 4675 245 4745 ejus
258 4674 363 4730 astutiae
378 4674 513 4730 resistunt,
1036 4673 1131 4730 prcccs
1146 4673 1254 4713 corum.
1269 4658 1314 4728 Et,
1334 4658 1461 4715 l'ist'taoit
1476 4674 1527 4716 uos
1542 4660 1638 4716 oriens
1653 4677 1692 4716 ca
1705 4661 1775 4719 atto.

225 4791 310 4846 Vsus.
322 4787 541 4846 l5.—l.oudcm
554 4805 618 4846 oero
633 4789 858 4858 laearoredum
873 4790 914 4845 sic
929 4790 983 4844 cst.
1345 4826 1457 4885 CAPUT
1475 4827 1514 4883 ΠΙ

185 4880 256 4936 Vere
270 4879 318 4951 pii,
335 4879 467 4951 quidquid
483 4879 567 4935 duces
583 4887 674 4951 agant,
691 4878 798 4934 laudem
813 4892 986 4949 consequuti·
1516 4869 1523 4882 '

185 4974 228 5022 tur
243 4985 250 5022 :
268 4967 331 5039 quia
345 4968 398 5023 boe
412 4966 469 5022 uult
485 4968 568 5033 Deus,
594 4967 641 5038 qui
660 4966 742 5021 ctiam
761 4966 841 5021 mulis
861 4966 944 5021 utitur
958 4964 987 5019 iu
1073 4967 1159 5023 vans.
1176 4969 1202 5022 3.
1214 4998 1250 5008 -
1267 4968 1393 5036 Quarum
1407 4986 1465 5026 nou
1479 4970 1528 5026 sit.
1544 4967 1620 5026 Ordo
1635 4969 1782 5027 verberum
1796 4976 1836 5026 est

186 5054 299 5120 bonum,
320 5055 392 5110 unde
415 5063 442 5110 et
462 5070 512 5110 vos
534 5055 647 5111 utamini
668 5056 748 5112 etiam
762 5055 815 5110 illis
830 5055 857 5110 in
872 5055 985 5120 bonum,
1037 5055 1088 5110 iste
1105 5073 1112 5110 :
1129 5071 1245 5128 quarum
1261 5057 1348 5113 cultus
1365 5074 1420 5114 non
1440 5059 1475 5113 sit
1494 5058 1667 5130 capillatura,
1680 5068 1730 5116 aut
1742 5075 1836 5117 summ

189 5141 247 5197 aive
262 5143 326 5198 boni
342 5142 398 5198 siro
413 5143 478 5198 mali
495 5144 557 5210 sint,
574 5147 713 5216 facicutcs
733 5145 922 5201 obrautesccrc
936 5144 989 5199 im·
1038 5144 1223 5213 circumdans,
1239 5154 1353 5202 autnon
1369 5147 1402 5202 sit
1417 5147 1507 5204 cultus
1521 5147 1751 5205 vestimentorum
1765 5148 1838 5204 indu

190 5229 778 5304 prudentiumltorm'namiprrorantiam.Ut
788 5233 988 5306 quoquomodo
1038 5233 1132 5299 monti,
1148 5234 1238 5300 idest,
1256 5251 1312 5291 uon
1325 5235 1378 5290 sint
1393 5234 1488 5291 lestiva
1511 5236 1676 5293 vestimenta
1689 5238 1789 5311 quibus
1799 5237 1836 5292 in·

190 5319 230 5376 eis
245 5319 272 5374 in
287 5319 387 5375 bonum
403 5320 524 5385 utamini,
535 5328 620 5392 etper
635 5338 683 5377 cos
696 5322 802 5377 laudem
818 5321 986 5389 mercamini,
1039 5323 1167 5378 duantur.
1184 5323 1237 5379 Sed
1248 5324 1282 5379 sit
1296 5324 1374 5380 vobis
1386 5333 1497 5380 ornatus
1517 5325 1600 5381 homo
1620 5325 1714 5382 cordis
1728 5326 1837 5382 interior

188 5425 241 5465 nee
261 5407 313 5480 ipsi
336 5408 474 5463 inveniant
496 5410 560 5481 quid
582 5411 609 5464 in
628 5411 706 5466 vobis
727 5411 897 5482 vituperent,
924 5412 989 5466 dum
1039 5412 1090 5468 soli
1106 5413 1164 5468 Deo
1187 5421 1278 5479 notus,
1302 5413 1554 5485 incorruptibilitate
1579 5415 1690 5487 spiritus
1707 5416 1837 5488 :spiritus

190 5500 270 5556 etiam
286 5499 360 5570 ipsos
376 5497 514 5553 honoratis
535 5505 562 5553 et
583 5499 715 5570 patimini,
730 5500 856 5572 quamvis
871 5501 924 5555 sint
939 5499 989 5555 im·
1039 5501 1100 5557 dico
1116 5501 1200 5573 quieti
1212 5502 1247 5557 ab
1262 5502 1465 5576 impugnatione
1475 5503 1605 5561 vitiorum
1620 5512 1648 5561 et
1663 5506 1835 5577 modestiae

188 5588 294 5644 mundi.
1039 5590 1190 5663 superbiat,
1207 5592 1253 5664 qui
1268 5591 1328 5648 talis
1344 5591 1463 5666 spiritus,
1479 5593 1532 5649 etsi
1547 5593 1707 5652 bominibus
1721 5611 1776 5653 nen
1790 5609 1835 5668 pc·

224 5677 311 5734 vaus.
328 5679 372 5735 16.
389 5708 421 5720 -
445 5677 506 5734 Non
529 5678 610 5750 quasi
632 5677 772 5734 sabaea.
794 5677 906 5750 (Baua.)
927 5678 990 5735 Non
1039 5685 1087 5747 tet,
1104 5687 1195 5738 umen
1205 5679 1234 5737 in
1247 5689 1395 5754 conspectu
1409 5680 1462 5739 Dei
1474 5688 1518 5739 ast
1531 5681 1622 5741 dives.
