3772 6112
138 282 207 339 idid

456 279 658 338 walterum
672 278 794 337 STlldBI
807 277 909 336 FULD.
924 276 1012 335 NON.
1028 276 1105 336 OPP.
1121 278 1209 336 Plus
1223 280 1257 336 ll.
1272 279 1512 338 -fflssohlcs

1726 284 1797 340 lOil

356 588 578 719 VITA
638 582 965 721 SANCTI
1015 585 1561 722 BLAITMAICI

707 831 821 875 santus
849 831 971 874 mmsis
997 831 1033 873 ΕΤ
1061 831 1210 873 th‘l'l‘hls.

272 997 362 1070 (llpnd
377 995 574 1065 llabillonium,
591 998 657 1054 dcta
673 998 835 1055 Sanctorum
850 994 953 1051 ordinis
969 995 998 1051 S.
1014 993 1127 1060 bened,
1146 1009 1209 1049 saec.
1227 1009 1267 1062 ru,
1285 1009 1318 1050 cx
1330 993 1440 1050 Canisio
1453 1003 1479 1050 et
1495 994 1653 1065 bollando.)

432 1230 453 1285 l.
475 1230 633 1286 Pnoaocus.

167 1345 196 1402 Si
210 1351 312 1401 hntam
325 1359 449 1400 meruere
462 1359 512 1399 suo
526 1359 575 1415 pro
590 1342 708 1399 carmine
722 1342 833 1410 famam,

135 1433 188 1505 Qui
202 1434 404 1491 scelerosorum
417 1449 510 1489 mores
524 1441 551 1488 et
566 1431 637 1488 facta
653 1432 773 1488 tulerunt

132 1523 271 1579 Laudibus
285 1522 312 1578 in
327 1522 436 1592 coelum,
453 1521 554 1593 perfusi
568 1520 700 1577 daemonis
716 1528 783 1586 arte,

128 1611 237 1668 Frivola
251 1618 391 1668 nectentes
404 1610 544 1666 hominnm
558 1610 725 1666 monimenta
739 1608 871 1664 malorum
888 1625 895 1663 ι

128 1699 184 1757 Cur
197 1716 252 1756 non
266 1699 377 1755 liberius
392 1707 550 1756 sanctorum
563 1698 634 1754 facta
649 1712 791 1763 canamus,

124 1787 203 1858 Quos
217 1788 353 1860 placuisse
368 1789 427 1843 Deo
442 1788 520 1843 nohis
535 1786 667 1843 miracula
681 1787 823 1858 produnt?

123 1875 191 1946 Quae
205 1874 269 1931 fidei
285 1876 382 1931 virtute
397 1884 495 1948 gerunt
508 1892 559 1946 per
574 1891 687 1930 munera
703 1875 812 1929 Christi.

126 1964 195 2019 Nam
211 1963 350 2034 Scriptura
364 1964 446 2028 canit,
463 1963 580 2018 Domino
595 1963 746 2034 spondente
763 1962 868 2034 pusillis
886 1981 892 2017 :

125 2050 165 2109 Os
179 2051 285 2125 aperire
300 2060 375 2106 tunm
390 2051 511 2117 studeas,
530 2066 583 2124 ego
601 2051 683 2107 verba
699 2050 822 2106 ministro
838 2052 928 2121 (Psoi.

826 2142 928 2213 nxxx).

160 2228 339 2300 Quapropter,
355 2227 509 2284 venerande
525 2228 615 2293 Pater,
631 2227 793 2284 charissime
808 2228 894 2297 Felix,

124 2317 273 2389 Praeceptis
287 2332 381 2389 parere
396 2316 454 2372 tuis
462 2332 496 2371 ex
510 2316 591 2372 corde
606 2324 717 2388 paratus

124 2406 238 2464 Strabus
250 2421 312 2479 ego,
328 2404 403 2460 misit
416 2421 497 2477 quem
511 2412 584 2461 terra
599 2405 774 2462 Alamanniae
787 2413 862 2476 natu,

124 2494 248 2553 Scribere
263 2493 385 2567 disposui
399 2493 434 2549 de
448 2494 502 2550 vita
517 2501 543 2549 et
557 2491 611 2549 fane
627 2494 700 2550 beati

945 1223 1111 1297 Algmina,
1127 1231 1268 1296 praetores,
1284 1226 1424 1298 populum,
1442 1238 1589 1301 praecepta,
1607 1232 1758 1305 maniplos.

983 1313 1098 1385 Duxque
1132 1327 1280 1386 comesque
1313 1315 1398 1387 ibam,
1432 1326 1611 1390 properanter
1641 1322 1788 1394 episcopus

983 1488 1172 1562 Abbatumque
1187 1491 1296 1559 cohors,
1313 1492 1404 1559 vicini,
1420 1509 1501 1550 carne
1514 1496 1662 1570 propinqui
1675 1517 1683 1567 3
1695 1409 1785 1484 [Μ

975 1579 1041 1633 lloc
1055 1578 1143 1633 solum
1157 1579 1261 1635 nitente
1276 1597 1366 1647 manu,
1384 1582 1406 1635 si
1421 1583 1543 1654 qualibet
1557 1594 1616 1640 arte

983 1666 1129 1723 Efficerent
1144 1668 1273 1723 reducem
1289 1669 1369 1724 vitata
1383 1671 1504 1741 pericula
1516 1680 1637 1729 mentem

982 1754 1071 1812 Corde
1086 1755 1175 1811 subire
1190 1755 1253 1812 alio.
1270 1756 1294 1812 Ο
1309 1757 1371 1813 talis
1384 1774 1466 1831 quarn
1482 1776 1555 1817 caeca
1570 1762 1700 1819 voluntas
1719 1782 1726 1819 ε

982 1842 1030 1899 llle
1045 1844 1222 1914 procellarum
1239 1861 1268 1901 se
1284 1846 1328 1901 vix
1342 1847 1377 1902 de
1391 1849 1499 1920 gurgite
1514 1849 1643 1922 dempsit,

981 1930 1156 2005 Quaesitoque
1170 1933 1217 1988 diu
1232 1934 1349 1988 titubans
1364 1936 1437 1990 stetit
1451 1939 1569 1994 anchora
1584 1947 1678 2010 portu.

979 2020 1106 2076 Nondum
1121 2036 1247 2076 curarum
1261 2023 1346 2093 potuit
1361 2024 1467 2081 laxasse
1482 2027 1624 2095 rudentes,

978 2108 1036 2166 Nec
1051 2118 1122 2164 terra
1138 2108 1231 2166 fixisse
1247 2112 1365 2183 pedem;
1380 2129 1442 2168 cum
1458 2116 1564 2172 concita
1579 2117 1673 2173 ventis

978 2200 1052 2253 Aura
1066 2199 1232 2269 pharetratis
1247 2199 1360 2273 impegit
1374 2202 1408 2256 ab
1421 2217 1532 2275 aequore
1548 2207 1676 2277 puppim.

977 2285 1065 2358 lique
1080 2302 1129 2342 sua
1144 2288 1287 2343 tremulam
1300 2289 1463 2347 dissolveret
1476 2293 1547 2347 unda
1562 2294 1697 2362 carinam,

976 2373 1011 2430 Ni
1027 2384 1133 2447 regeret
1147 2393 1267 2447 proram,
1285 2379 1331 2450 qui
1347 2380 1445 2435 saecula
1457 2389 1556 2438 euncta
1570 2383 1721 2456 gubernat.

1076 2481 1108 2537 V.
1125 2482 1285 2538 anrrntrcx
1306 2500 1457 2553 vxarurss3
1475 2502 1680 2545 exarserant.

122 2584 281 2650 blaitmaici,
297 2582 392 2657 genuit
406 2598 488 2656 quam
503 2583 580 2638 dives
596 2583 723 2638 Hibernia
738 2583 850 2651 mundo,
942 2587 969 2649 Β
1008 2587 1069 2643 llox
1085 2589 1156 2644 miro
1169 2604 1185 2645 a
1201 2591 1306 2647 cunctis
1320 2607 1429 2663 semper
1442 2595 1602 2666 complexus
1616 2613 1725 2669 amore,

51 2664 58 2673 ’
121 2672 298 2746 lfsrtyriique
313 2688 432 2745 sequens
447 2671 520 2726 misit
535 2671 665 2743 perfectio
680 2672 761 2739 eoelo,

122 2761 211 2836 lpsius
226 2769 256 2818 ut
269 2760 374 2817 meritis
388 2760 494 2817 veniam
509 2778 560 2831 per
575 2761 656 2817 saecla
671 2776 823 2833 capessam.

236 2878 270 2934 ll.
286 2877 449 2932 anrrxxrcx
462 2890 573 2945 rxrnrx,
590 2892 696 2933 nactura
711 2892 811 2933 casus.

159 2984 256 3058 Regali
271 2984 306 3040 de
320 2983 404 3055 stirpe
419 2992 503 3049 satus,
520 3000 711 3056 summumque
727 2985 856 3041 decorem

122 3072 281 3131 Nobilitatis
293 3071 408 3137 habens,
424 3072 539 3127 florebat
554 3072 649 3145 regius
660 3074 750 3128 haeres

119 3163 175 3220 lste
190 3162 241 3218 Dei
256 3168 364 3217 sanctus
379 3160 463 3216 vitam
477 3160 603 3216 ducendo
619 3160 765 3231 pudicam,

122 3251 256 3322 Quodque
271 3248 341 3304 solet
355 3263 416 3304 raro
431 3246 532 3304 factum
545 3257 572 3304 et
587 3266 642 3304 non
657 3266 730 3322 saepe
744 3249 830 3308 videri
847 3269 854 3307 :

123 3338 231 3409 Quanto
244 3337 331 3406 major
343 3343 411 3404 erat,
427 3343 501 3392 tanto
515 3337 647 3407 deiectior
661 3337 727 3393 ibat.

122 3427 192 3500 Spes
205 3425 309 3499 patrias,
324 3424 432 3482 fortuna
446 3426 541 3498 patris,
557 3443 604 3483 rex
619 3426 665 3484 ille
680 3426 805 3499 futurus;

121 3514 228 3572 indicio
239 3515 338 3586 jnstus,
353 3514 485 3587 prudens,
501 3523 528 3572 et
542 3531 658 3588 corpore
673 3524 775 3586 castus,

123 3603 246 3672 Sobrius,
262 3611 382 3675 ornatus,
395 3603 542 3675 jocundus,
558 3612 664 3674 cautus,
680 3606 811 3663 honestus
828 3625 835 3663 :

121 3691 228 3750 Nobilis
241 3691 269 3748 in
283 3709 385 3766 genere
399 3693 523 3767 egregio,
540 3694 701 3768 generosior
715 3702 795 3764 actu;

121 3781 261 3854 Obsequio
275 3781 407 3853 locuples,
423 3782 521 3837 melius
536 3782 681 3838 virtutibus
696 3792 808 3855 auctus‚·

118 3869 263 3927 Tractabat
274 3869 360 3927 laicus
374 3869 448 3943 quod
462 3869 578 3946 clericus
592 3870 734 3928 efficiebat.

120 3957 204 4030 Cujus
218 3957 407 4015 honorandum
421 3974 522 4015 nomen
537 3975 665 4016 sermono
680 3961 785 4029 Latino,

119 4046 236 4105 Pulcher
248 4054 329 4104 natus
342 4054 356 4082 ⁸
369 4046 449 4103 adest
464 4065 471 4102 :
486 4046 639 4120 meritoque
653 4049 806 4121 probabilis
821 4050 867 4110 illo

119 4134 237 4193 Nomine
249 4135 349 4210 dignus
363 4142 430 4202 erat,
448 4136 555 4192 Patrem
570 4137 617 4209 qui
631 4138 859 4211 cunctipotentem

118 4223 221 4298 Elegit,
234 4224 404 4298 pulchroque
418 4223 507 4280 Deum
522 4225 646 4297 quaesivit
661 4241 763 4284 amore.

304 4330 350 4387 lll.
366 4330 454 4387 Fuarr
468 4345 505 4386 an
520 4345 733 4392 uosxsrnarux.

152 4435 307 4497 Sordebant
323 4444 428 4495 terrena
443 4437 535 4495 animo
550 4438 643 4495 divina
654 4441 766 4512 petenti,

117 4525 313 4599 Secretumque
325 4527 415 4583 latens
428 4526 455 4582 in
470 4528 530 4584 solo
544 4536 656 4600 pectore
669 4530 779 4599 mansit,

116 4614 212 4672 Donec
226 4612 262 4672 ad
277 4613 403 4671 effectum
417 4616 551 4686 processit
565 4625 660 4674 sancta
675 4617 809 4677 voluntas.

118 4703 279 4760 Coenobium
295 4702 388 4759 furtim
399 4704 535 4777 quoddam
551 4705 608 4762 sine
625 4714 694 4763 teste
707 4708 839 4779 petebat:

116 4789 224 4863 Quique
239 4791 288 4848 fuit
303 4792 411 4866 pridem
425 4794 519 4864 petriae
532 4809 582 4867 per
596 4795 720 4868 regmina
733 4796 871 4870 princeps,

115 4879 232 4936 Nomine
247 4897 296 4952 pro
310 4881 408 4938 Christi
423 4889 464 4938 est
479 4881 567 4939 factus
580 4890 645 4939 tunc
660 4900 743 4940 verna
757 4886 879 4943 minoris.

116 4966 247 5024 Fascibus
262 4969 290 5024 iu
304 4969 401 5027 mediis
416 4970 462 5043 qui
475 4971 613 5043 quondam
629 4972 724 5028 terruit
738 4989 842 5042 omnes,

117 5052 253 5111 Omnibus
268 5057 396 5114 admissis
412 5058 519 5115 sibimet
534 5059 592 5115 sine
608 5060 692 5116 milite
707 5063 798 5119 servit.

115 5161 162 5219 tv.
179 5160 281 5217 Parsis
295 5177 359 5218 aius
375 5180 579 5230 rnocanuuoun
594 5182 753 5224 rasncnamn
765 5184 912 5226 urscassin.

149 5268 231 5324 Fama
243 5275 273 5323 ut
286 5266 356 5325 forte
371 5270 466 5327 volans
479 5273 563 5343 patris
577 5275 701 5346 pem-enit
715 5277 749 5330 ad
763 5293 853 5343 aures,

113 5356 183 5415 ilinc
206 5365 300 5429 stupor
328 5364 409 5430 atque
430 5359 509 5415 dolor
524 5371 642 5419 mentem
665 5365 775 5421 cinxere
788 5366 909 5436 parentis

115 5446 287 5505 Subtractum
301 5446 376 5503 dolet
389 5446 535 5519 haeredem,
551 5450 684 5524 mittitque
699 5462 831 5522 senatum,

976 2676 1142 2733 Cunctorum
1156 2679 1258 2734 studuit
1269 2677 1327 2735 freni
1343 2681 1451 2753 dicique
1465 2683 1600 2740 minister.

974 2765 1064 2821 blente
1080 2766 1199 2831 humilia,
1217 2767 1317 2839 linguae
1330 2777 1432 2837 custos,
1448 2779 1475 2825 et
1488 2787 1587 2828 norma
1601 2773 1753 2832 bonorum.

974 2854 1064 2911 Verba
1078 2856 1128 2911 Dei
1144 2856 1254 2926 capiens
1269 2857 1370 2913 sitienti
1384 2860 1468 2916 corde
1480 2860 1606 2932 libenter,

973 2942 1103 2999 hiscendi
1119 2944 1240 2999 studiosa
1254 2961 1355 3018 gerens
1370 2950 1528 3018 praecordia,
1544 2949 1625 3006 libris

973 3032 1119 3089 Perdidicit
1134 3033 1225 3088 diviua
1239 3034 1329 3090 anirno
1342 3036 1504 3093 documenta
1519 3039 1622 3110 sagaci.

974 3120 1073 3193 Sicque
1089 3121 1185 3193 vigens
1200 3122 1385 3179 doctrinarum
1399 3141 1560 3200 morumque
1575 3128 1677 3196 nitore,

972 3209 1091 3280 Agmina
1104 3210 1251 3266 multorum
1266 3213 1335 3268 rexit
1349 3216 1506 3270 veneranda
1521 3217 1663 3287 virorum;

971 3297 1112 3369 Exemplis
1126 3314 1176 3354 sua
1191 3300 1263 3357 dicta
1275 3302 1405 3372 probans,
1421 3320 1561 3377 vanosque
1576 3305 1688 3364 favores

971 3386 1025 3442 Pro
1039 3387 1125 3443 nihilo
1139 3388 1242 3444 ducens
1259 3406 1265 3447 :
1282 3390 1326 3446 cui
1340 3391 1399 3446 laus
1414 3400 1440 3447 et
1455 3393 1544 3466 gloria
1559 3395 1649 3451 solnm

971 3474 1095 3532 Christus
1116 3485 1185 3545 erat,
1208 3478 1331 3534 Christus
1353 3495 1454 3549 senno,
1476 3483 1602 3540 Christus
1622 3485 1774 3542 documen·

1695 3574 1771 3648 [turn.

969 3652 1027 3708 Pax
1042 3651 1164 3724 clypeus,
1181 3654 1264 3712 lorica
1278 3670 1388 3729 preces,
1402 3658 1534 3729 patientia
1549 3661 1662 3734 bellurn,

969 3741 1065 3799 llucro
1078 3743 1128 3799 Dei
1143 3744 1267 3812 verbum,
1283 3761 1347 3817 spes
1361 3755 1389 3803 et
1402 3747 1513 3805 dilectio
1528 3757 1625 3807 totum.

969 3830 1042 3886 Nulli
1056 3831 1183 3900 detraxit,
1199 3833 1266 3888 nulli
1279 3835 1401 3892 convicia
1416 3838 1522 3894 struxit.

934 3919 1081 4019 CSingula
1097 3920 1161 3992 quid
1178 3920 1229 3976 lari
1242 3939 1293 3994 per
1309 3925 1416 3996 singula
1431 3927 1515 3982 verba
1530 3943 1645 3987 necesse
1660 3941 1712 4000 est,

970 4007 1037 4063 Cum
1053 4008 1184 4093 quidquid
1198 4009 1298 4084 legitur
1312 4013 1450 4081 virtutum,
1467 4016 1517 4072 rite
1531 4023 1648 4090 teneret,

968 4096 1004 4151 Et
1017 4096 1148 4169 quidquid
1164 4096 1220 4153 vitii
1234 4107 1365 4156 monstrat
1380 4102 1531 4175 Scriptura,
1547 4116 1656 4166 caveret

969 4183 1103 4242 Omnibus
1118 4186 1237 4242 existens
1251 4187 1367 4246 feliciter
1379 4191 1472 4247 omnia
1487 4191 1584 4266 factus,

886 4263 894 4289 ⁸
968 4270 1004 4330 Ut
1017 4282 1130 4330 cunctos
1145 4273 1244 4332 faceret
1259 4277 1368 4335 Christo
1382 4296 1431 4336 sua
1445 4279 1521 4338 lucra
1535 4283 1652 4342 referre.

967 4361 1046 4419 Utilis
1061 4369 1087 4419 et
1100 4363 1221 4436 prudens
1237 4382 1333 4423 servus
1347 4384 1396 4440 per
1409 4369 1488 4426 oribe
1502 4370 1614 4444 Christi,

966 4451 1101 4523 Tempore
1115 4453 1162 4525 qui
1176 4462 1250 4510 certo
1264 4472 1419 4513 mensuram
1435 4457 1517 4515 farris
1531 4461 1617 4533 opimi

967 4539 1114 4599 Conservis
1128 4541 1259 4611 tribuens,
1275 4545 1389 4602 radiavit
1402 4547 1503 4620 ubique
1518 4548 1617 4607 fidelis.

1125 4649 1170 4705 l’l.
1185 4651 1325 4708 llsnrrnu
1339 4667 1451 4711 nauum
1463 4671 1603 4714 nxorrsr.

1002 4752 1091 4823 thue
1104 4753 1171 4809 nihil
1185 4756 1283 4823 meriti,
1298 4759 1364 4814 nihil
1379 4767 1406 4815 et
1420 4761 1566 4833 probitatis
1580 4765 1702 4834 abesset,

966 4839 1086 4912 Martyrii
1100 4843 1217 4913 palmam
1232 4847 1355 4917 quaesivit
1368 4857 1459 4905 mente
1473 4850 1604 4925 benigna,

966 4928 1070 4999 Saepius
1085 4931 1137 4986 hac
1152 4948 1232 4988 causa
1246 4937 1406 5006 peregrinas
1421 4938 1508 4995 visere
1524 4949 1611 4997 terras

963 5016 1056 5084 Nisus,
1073 5018 1108 5073 ab
1122 5020 1241 5092 incoepto
1254 5024 1354 5094 populo
1369 5028 1524 5083 retrahente
1540 5030 1654 5101 quievit,

966 5105 1044 5162 Unde
1059 5107 1149 5164 animo
1164 5110 1234 5165 sedit
1248 5109 1361 5185 fugitivo
1375 5115 1443 5171 calle
1455 5132 1602 5189 parumper

964 5192 1089 5265 Optatam
1105 5204 1208 5254 tentare
1223 5200 1293 5254 viam
1306 5218 1367 5257 cum
1381 5203 1577 5276 discipulorum

964 5285 1082 5356 Agmine
1096 5301 1150 5341 non
1164 5287 1259 5355 multo,
1273 5291 1393 5361 pretiosa
1407 5294 1519 5350 monilia
1533 5312 1629 5352 secum

963 5371 1097 5427 Virtutum
1113 5375 1164 5429 suh
1178 5377 1358 5451 molegerens
1374 5397 1381 5436 ε
1397 5381 1536 5455 ruptisque
1550 5386 1683 5458 tenebris,

962 5460 1048 5517 Nocte
1062 5461 1153 5535 fugam
1169 5467 1290 5537 capiens,
1306 5479 1486 5542 properanter
1499 5472 1577 5532 abire
1591 5479 1720 5547 parabat.

138 5651 234 5701 «hanc
250 5650 316 5702 brute
329 5651 384 5702 sive
397 5651 462 5703 trau
476 5651 595 5703 Hibernis
604 5654 743 5717 putchrum
756 5661 840 5716 sonat,
851 5661 1012 5722 marchum
1026 5675 1056 5715 ex
1066 5667 1194 5718 saltando.
