3772 6112
116 232 165 286 391
328 228 531 286 WALAFRIDI
551 229 672 287 scitam
690 229 789 286 roto.
810 228 896 288 MON.
918 228 994 288 OPP.
1014 229 1103 289 PARS
1122 231 1143 287 1.
1163 262 1199 274 -
1216 231 1456 290 THEOLOGICA.

113 361 164 410 sto.
189 353 254 411 Haeo
277 361 383 410 secreta
411 362 471 425 post
487 354 712 411 resurrectionem
726 355 833 426 aperuit
846 356 949 428 apo-A
963 355 1065 411 didisti.
1081 356 1142 412 Nou
1155 357 1343 430 cognoscimus
1357 365 1385 413 ut
1397 357 1549 424 credamus,
1561 354 1612 412 sed
1630 371 1650 413 et

115 441 202 512 stolis,
218 443 267 498 sed
294 442 321 496 in
334 441 376 497 his
399 444 481 499 modo
500 443 617 516 loquitur
630 460 681 514 per
695 431 841 515 parabolus
861 461 917 501 non
968 454 996 499 ut
1011 461 1207 516 cognoscamus
1223 464 1229 500 :
1247 446 1308 501 ideo
1323 446 1443 501 Christus
1457 447 1538 501 bomo
1553 444 1582 500 in
1596 452 1650 501 terr

112 528 487 603 intelligentibusiudaeis.tit
497 548 579 588 acmo
594 533 780 605 apprehendit
793 549 868 589 eom.
886 533 916 590 Id
963 532 1036 600 jncit,
1052 542 1114 606 post
1129 551 1158 590 se
1172 535 1317 591 videndum
1333 535 1414 601 dabit,
1430 535 1502 606 quod
1516 542 1558 590 est
1573 549 1650 591 mero

115 626 166 687 est,
182 618 339 692 loquentem
356 620 390 675 de
407 619 523 675 Deitute.
1002 622 1087 676 Vnus.
1105 626 1149 678 31.
1165 654 1199 663 —
1219 624 1435 696 Vereditciprtli.
1450 623 1493 678 Ad
1506 624 1576 679 bane
1598 620 1650 678 altit

150 708 235 764 Vnus.
252 712 296 765 at.
312 710 410 780 -Epo
425 710 503 764 vado.
520 707 606 777 Quasi
621 719 725 780 sponte,
743 719 769 766 et
784 711 846 767 ideo
861 711 915 767 tru-
966 711 1129 782 pervenietis
1144 728 1177 766 eu
1192 710 1247 766 fide
1261 729 1321 784 quae
1342 721 1384 768 est
1403 711 1521 779 humilis,
1537 720 1564 768 et
1577 718 1650 769 conta

113 804 169 852 stra
183 795 321 851 laboratis.
338 797 415 851 Vadit
438 797 484 850 iilo
499 797 571 852 unde
587 807 707 869 venerat,
724 806 750 854 et
765 799 837 855 uude
861 815 915 855 non
967 807 992 854 et
1008 807 1173 871 estgranum
1188 799 1300 871 sinapis.

111 884 282 940 discesserat.
319 884 459 952 diceritis,
467 884 529 940 ideo
538 895 734 957 persequentes
748 896 915 959 assumptum
1002 912 1087 968 Vm·
1103 917 1146 978 33,
1163 916 1206 968 34¹
1224 945 1257 954 ,,
1272 915 1437 970 Liberffloc
1449 915 1562 971 verbum
1572 913 1650 970 Domi

113 973 230 1029 incoelis
245 989 300 1027 non
314 979 343 1026 ut
364 973 444 1028 amici
471 974 573 1030 babere
597 976 754 1065 cupientes.
776 977 854 1034 Unde
875 976 915 1033 eis
965 1000 1470 1075 suitalffierpaoe,n0nmp10mmque
1491 1003 1587 1060 Latine
1609 1002 1650 1060 di,

114 1076 223 1132 panau
237 1061 358 1132 precam
374 1063 426 1116 τιτι
439 1067 553 1135 rocceio
569 1068 660 1121 vete
675 1067 846 1121 increata.
964 1088 1072 1145 uberae
1086 1091 1182 1163 aliquis
1196 1092 1230 1145 aa
1243 1090 1405 1147 instantiae.
1422 1093 1457 1147 nt
1471 1107 1525 1148 non
1536 1093 1642 1148 cixem

150 1151 235 1205 Vssflss·
252 1154 297 1207 Ἠ·
321 1180 356 1190 “
372 1151 505 1224 quuid
526 1152 682 1222 interficiet
710 1154 915 1227 &melitium-⁹
966 1195 1017 1233 nus
1031 1179 1127 1234 :liberi
1155 1179 1238 1249 eritis,
1255 1181 1323 1235 sed:
1339 1182 1647 1249 i'eritcstiberebitvoa,

115 1238 198 1294 Stulta
213 1240 296 1294 verba
311 1239 389 1311 quasi
404 1239 427 1293 si
441 1239 475 1295 de
490 1248 578 1295 morte
591 1241 703 1309 diceret,
733 1258 788 1298 nou
801 1252 914 1314 possent
965 1274 1053 1322 ,amen
1070 1268 1155 1325 verbo
1170 1284 1226 1323 non
1241 1268 1429 1324 intellexemut
1445 1269 1498 1323 nisi
1521 1270 1650 1327 fibertate,

113 1344 176 1383 eum
192 1328 269 1399 sequi
284 1327 319 1382 ad
333 1335 459 1384 mortem.
472 1328 585 1384 Dicebat
599 1345 666 1401 ergo
681 1347 736 1386 non
759 1331 794 1387 de
815 1340 912 1401 morte,
963 1355 1062 1411 nalem,
1075 1357 1226 1430 flemma
1242 1358 1292 1424 εἰς,
1309 1366 1360 1413 ele·
1376 1358 1438 1412 Nm,
1452 1358 1491 1411 iffi
1512 1358 1558 1430 qui
1581 1359 1650 1415 emp

114 1416 164 1472 sed
178 1416 212 1472 de
227 1416 316 1489 3¹⁰¹'ifl
334 1416 369 1471 ad
393 1433 473 1489 ‘luam
491 1416 548 1472 ibat
563 1433 612 1489 Des
624 1427 750 1490 mortem,
774 1427 845 1476 ⁰⁰⁰0
860 1421 914 1476 illis
964 1444 1012 1498 sed
1029 1443 1073 1498 alii
1087 1444 1115 1498 in
1130 1445 1205 1499 turba
1221 1445 1266 1517 qui
1281 1461 1335 1500 nou
1350 1446 1534 1512 crediderunt,
1553 1446 1650 1518 quiam

112 1504 269 1560 carnalibus
281 1505 372 1561 subdit
389 1521 395 1560 ²
964 1533 1070 1588 herebit
1085 1550 1140 1598 vos,
1155 1533 1287 1605 indignati
1301 1543 1362 1588 sunt
1377 1551 1406 1589 se
1415 1535 1506 1591 vocari
1521 1551 1625 1603 servos,
1640 1552 1650 1609 1

150 1595 234 1650 VERS·
251 1599 296 1652 2³·
313 1625 347 1635 -
366 1596 413 1650 VOS
433 1595 564 1652 diff-lum
577 1597 654 1653 0⁸²5&
676 1599 709 1652 Εῑ
722 1596 785 1652 id0⁰
813 1605 913 1653 lessam
963 1620 1065 1675 dixisse
1087 1621 1236 1677 decennali
1260 1622 1391 1677 libertate.
1404 1625 1439 1678 Et
1454 1625 1566 1680 nemini
1587 1618 1650 1682 seru

114 1682 217 1754 sapitis,
236 1681 304 1738 sicut
319 1698 431 1753 serpens
446 1691 544 1739 terram
559 1684 710 1740 comeditis.
925 1709 1135 1775 BMemiumur·
1159 1711 1261 1780 joseph
1288 1711 1397 1768 servivit
1424 1711 1453 1765 in
1468 1713 1594 1784 AEHthr
1623 1728 1650 1784 p,

147 1800 233 1856 Vnus.
249 1801 294 1856 ii.
305 1800 417 1854 -Diei
436 1815 499 1871 erpo
515 1800 596 1855 actis
613 1800 664 1856 Hie
675 1799 785 1871 exponit
800 1799 866 1872 quid
882 1801 917 1856 sit
965 1799 1079 1870 AEgppto
1096 1798 1247 1854 seruiemnt
1266 1798 1293 1853 in
1308 1799 1373 1866 luto,
1399 1800 1443 1855 isti
1470 1801 1558 1856 eidem
1573 1800 1650 1858 tribut

111 1904 173 1944 esse
187 1888 221 1942 de
235 1887 349 1953 mundo,
367 1886 394 1941 id
410 1894 452 1943 est
467 1903 529 1943 esse
545 1895 704 1959 peccatores
719 1887 844 1947 infideles
857 1897 914 1944 ter·
966 1887 1044 1941 seria.

115 1990 184 2032 rena
194 1975 341 2046 sapientes,
363 1975 437 2030 unde
449 1977 502 2032 hoc
517 1975 557 2031 eis
572 1977 692 2047 exponit.
709 1978 739 2034 Si
757 1976 845 2035 celita
861 1978 915 2034 Sed
1001 1975 1099 2042 Amen,
1115 1993 1199 2032 errierr
1213 1977 1283 2042 dico,
1314 1984 1365 2032 etc.
1391 1980 1477 2032 Amen
1505 1976 1648 2047 ilebraice,

116 2064 269 2120 econtrario
285 2080 362 2135 spem
377 2064 588 2120 dotcredituris.
608 2065 799 2122 credideritis.
817 2066 914 2122 Credi·
966 2062 1064 2118 dicitur
1091 2064 1192 2134 Latine,
1222 2065 1295 2136 quod
1323 2065 1411 2119 nullus
1433 2065 1567 2137 interpres
1595 2073 1650 2122 mut

115 2153 210 2208 deritis
225 2151 299 2218 dicit,
316 2168 370 2207 non
380 2152 569 2225 perceperitis,
586 2154 650 2225 quia
663 2169 744 2209 nemo
754 2170 827 2210 nunc
843 2155 918 2226 capit
965 2151 1107 2207 vilesceret
1129 2153 1266 2222 nudatum,
1284 2154 1333 2208 sed
1355 2155 1486 2209 honorem
1508 2155 1606 2210 habeat
1619 2170 1650 2212 se

114 2240 311 2296 immutabilem
327 2241 483 2296 essentiam.
495 2243 548 2315 Epo
564 2259 637 2308 turri,
663 2245 835 2310 moriemini,
861 2252 913 2300 ete.
965 2247 993 2295 et
1006 2248 1047 2295 est
1064 2240 1141 2312 quasi
1152 2241 1346 2309 juramentum,
1377 2243 1449 2298 unde
1477 2242 1650 2314 Hieronymur

113 2329 176 2385 Non
190 2328 256 2385 dicit
270 2329 395 2402 quid‚vel
405 2330 538 2394 Christus,
550 2330 594 2385 vel
608 2330 691 2385 Filius
704 2331 764 2399 Dei,
778 2331 820 2387 vel
841 2332 915 2387 uliud
966 2327 1064 2383 isaiam
1085 2346 1092 2382 ε
1115 2329 1190 2384 iurat
1200 2331 1331 2385 Dominus
1346 2346 1396 2401 per
1424 2331 1610 2402 semetipsum,
1635 2349 1650 2405 q

111 2417 276 2487 hujusmodi,
294 2418 343 2472 sed
358 2417 391 2471 ad
406 2416 473 2473 istos
487 2418 570 2473 utitur
588 2419 673 2475 verbo
687 2427 798 2475 aeternae
816 2437 914 2476 essen·
966 2417 1126 2472 sententiam
1140 2418 1194 2473 oris
1209 2417 1250 2473 sui
1269 2428 1296 2474 et
1313 2420 1427 2474 verbum
1442 2421 1515 2492 quod
1530 2419 1617 2476 semel
1643 2437 1650 2493 1

114 2505 167 2575 tiae,
186 2506 255 2561 sieut
267 2505 332 2561 olim
347 2507 382 2561 ad
397 2508 510 2578 Moysen
520 2523 601 2579 quem
615 2507 739 2563 mittebat
748 2509 783 2564 ad
799 2509 915 2565 liberan·
965 2522 1135 2578 nequaquam
1149 2507 1253 2562 irritum
1262 2506 1335 2576 fucit,
1353 2508 1404 2564 boc
1418 2516 1470 2578 est,
1491 2525 1542 2580 per
1569 2524 1650 2582 semet

115 2594 180 2650 dum
196 2593 290 2649 lsrael.
307 2593 390 2663 Quasi
405 2595 477 2651 (licat
493 2613 500 2650 ε
517 2594 570 2664 Qui
588 2595 649 2650 misi
677 2598 788 2669 Moysen
798 2597 833 2652 ad
847 2598 914 2653 libe·
961 2594 1069 2662 jurarit.

114 2683 228 2739 randum
257 2682 327 2738 filios
343 2684 436 2751 lsrael,
454 2700 507 2757 ego
519 2700 568 2755 per
577 2685 711 2755 meipsum
721 2685 784 2741 veni
796 2686 914 2742 liberare
1000 2683 1085 2737 Vens.
1103 2685 1146 2738 35.
1163 2685 1650 2753 -Seroasaetem,ete.1nbocten

114 2772 247 2843 perditos,
277 2772 381 2827 Caetcra
409 2787 475 2828 vero
496 2772 588 2828 omnia
615 2790 676 2845 quae
690 2773 842 2842 mittuntur,
859 2791 914 2831 non
965 2770 1033 2838 Quae
1047 2787 1115 2844 ergo
1130 2787 1193 2842 spes
1219 2779 1259 2827 est
1281 2773 1411 2828 libertatis
1425 2773 1468 2828 his
1494 2774 1540 2846 qni
1554 2789 1611 2830 non

115 2875 179 2917 vere
194 2867 266 2916 sunt.
963 2865 1073 2929 peccato
1088 2861 1102 2915 i

150 2975 235 3032 Vens.
247 2978 292 3033 25.
308 3005 343 3017 -
353 2977 540 3049 Principium.
557 2976 653 3048 (Aac.)
663 2977 825 3033 Crediteme
839 2977 914 3049 prin·
1000 2948 1085 3003 vm·
1095 2949 1139 3002 5⁷·
1155 2978 1190 2990 ““
1204 2949 1274 3016 3⁶50’
1300 2957 1351 3004 em·
1367 2949 1498 3022 EXP⁰⁸5¹⁰
1510 2949 1650 3008 ³D⁰mi¹¹⁶

113 3063 224 3136 cipium,
241 3073 304 3132 ew„
315 3081 401 3138 mque
412 3065 449 3120 ad
459 3065 518 3136 ipse
532 3081 629 3121 manus
640 3066 760 3138 dextera,
775 3065 914 3136 fortitudo,
930 3069 955 3132 c
967 3035 1119 3109 gloriantes
1133 3038 1167 3091 de
1182 3053 1252 3093 vane
1266 3037 1389 3093 libertate
1404 3038 1504 3105 carnis,
1520 3046 1547 3093 et
1560 3054 1650 3096 verns

965 3124 1079 3195 peccati,
1096 3132 1122 3179 et
1138 3141 1202 3180 vera
1223 3125 1348 3181 libertate
1376 3143 1425 3197 per
1447 3143 1477 3182 se
1497 3125 1593 3196 lilium,
1609 3142 1650 3185 cot

964 3213 1033 3282 istis,
1060 3212 1163 3269 scilicet
1187 3215 1259 3285 quod
1282 3214 1330 3268 filii
1353 3215 1467 3271 Abrahae
1487 3223 1548 3270 sunt
1570 3230 1650 3287 pert

964 3301 1032 3356 tales
1054 3300 1154 3356 liberos
1177 3302 1296 3357 ostendit
1326 3320 1380 3358 non
1406 3318 1468 3359 esse
1490 3301 1560 3359 fibos
1584 3303 1650 3361 tibrt

964 3389 1145 3445 imitationem
1176 3387 1239 3446 fidei
1256 3398 1283 3445 et
1306 3391 1427 3459 justitie,
1445 3392 1493 3447 sed
1513 3408 1575 3448 esse
1589 3390 1650 3449 fitia

965 3478 1034 3534 cidae
1048 3477 1158 3548 diaboli,
1170 3486 1321 3551 quaerentes
1337 3496 1367 3535 se
1381 3481 1515 3548 occidere,
1530 3489 1558 3537 et
1571 3480 1608 3536 ita
1620 3496 1650 3555 ,a

965 3581 1069 3623 servos.

115 3152 257 3224 sapientia,
275 3161 302 3208 et
311 3153 433 3209 Verbum
448 3161 489 3209 est
504 3153 602 3209 Patris.

151 3240 217 3312 (Io.)
245 3242 318 3298 Ecce
340 3241 406 3313 quid
431 3249 472 3297 est
495 3258 566 3307 esse,
584 3241 648 3315 quia
663 3242 828 3315 principium
842 3243 915 3300 inse

116 3336 208 3384 manet
234 3329 343 3385 innovat
357 3329 456 3398 omnia,
474 3339 500 3385 et
514 3331 614 3385 mutari
627 3347 682 3386 uon
695 3339 794 3403 potest.

150 3418 258 3491 Loquor
279 3419 361 3474 oobb.
386 3420 420 3472 Et
434 3418 522 3475 haheo
545 3419 623 3474 vobis
652 3420 735 3474 multa
759 3419 843 3491 loqui,
863 3420 915 3475 do-

115 3506 213 3573 cendo,
229 3506 252 3561 si
269 3506 449 3576 credideritis,
466 3508 620 3564 accusando
631 3508 654 3563 si
668 3525 724 3564 non
734 3508 913 3574 credideritis,

115 3603 142 3650 et
157 3594 201 3667 qui
216 3595 298 3651 modo
312 3611 367 3651 non
378 3595 480 3666 iudico,
493 3597 542 3652 sed
559 3597 645 3663 selvo,
662 3597 751 3652 babeo
764 3605 827 3670 post
838 3596 915 3666 judi-

115 3698 188 3739 care.
204 3684 297 3740 Habeo
312 3684 383 3754 dieo,
400 3685 449 3740 sed
464 3693 549 3740 toturn
568 3703 601 3741 ex
616 3686 696 3740 Patre
718 3685 860 3758 quiverat
874 3694 916 3742 est
1000 3679 1086 3735 VERS·
1102 3681 1145 3735 ³9·
1163 3680 1417 3753 -Retpooderuct
1440 3686 1468 3737 et
1491 3682 1650 3740 dietrami

114 3787 148 3828 ex
157 3788 196 3841 se,
214 3788 247 3828 ex
262 3790 316 3846 quo
331 3790 384 3846 ego
404 3791 464 3829 sum
483 3773 584 3830 veritas
599 3790 681 3846 quam
692 3774 785 3849 genuit
795 3792 877 3842 exse,
889 3783 916 3831 et
966 3767 1056 3840 trguil
1070 3783 1117 3823 (³0⁵
1128 3767 1217 3823 facere
1231 3768 1304 3824 mala
1319 3770 1414 3840 patris,
1430 3769 1546 3825 falessles
1563 3777 1650 3842 patret

112 3859 175 3924 ideo
189 3877 255 3919 vera
270 3861 341 3928 dico,
354 3871 380 3918 et
391 3862 494 3931 judico.
511 3865 583 3919 Ecce
593 3864 783 3936 quomododat
797 3863 914 3937 gloriam
966 3871 1027 3912 esse
1041 3856 1186 3922 Abraham,
1204 3866 1354 3927 pr0v00³11t
1372 3858 1463 3930 aliqua
1486 3857 1650 3923 maledicere.

113 3949 188 4003 Patri
211 3950 255 4005 cui
270 3951 382 4022 aequalis
406 3959 448 4006 est
462 3959 491 4005 ut
505 3951 601 4008 doceat
619 3968 671 4007 nos
698 3952 819 4008 minores
847 3951 915 4008 darc
965 3945 1114 4010 Abraham,
1131 3952 1160 3999 ut
1176 3943 1210 3998 Sil
1223 3945 1263 4000 tis
1278 3945 1387 4001 OccaSiO
1402 3946 1518 4002 faciendi
1532 3944 1606 4018 quod
1624 3963 1650 4004 rt

114 4030 230 4103 gloriam
245 4033 313 4088 Deo.
966 4032 1015 4087 sed
1029 4031 1160 4086 Dominus
1180 4033 1315 4087 Abraham
1339 4033 1431 4089 laudat
1459 4041 1486 4089 et
1514 4033 1582 4090 istos
1610 4034 1650 4103 de

151 4146 236 4202 Vnus.
252 4149 297 4205 27.
313 4149 396 4204 -Dt
410 4153 675 4221 eoeeopeooerertt.
694 4149 762 4204 Cum
776 4148 850 4217 dicit,
867 4151 915 4222 qui
966 4119 1085 4187 damnmt
1103 4120 1219 4176 di⁰e¹¹⁵²
1249 4123 1279 4178 Si
1299 4121 1355 4191 filii
1376 4123 1503 4189 ΛΜΨ
1528 4129 1581 4179 2⁶⁰·

115 4235 198 4291 misit
207 4251 262 4303 me,
279 4252 368 4292 verce
384 4240 436 4305 est,
449 4252 503 4291 non
514 4237 915 4309 intellexeruntquoddePatre
1001 4235 1086 4290 Vnus.
1103 4238 1146 4290 to.
1162 4237 1283 4293 -Nertc
1298 4238 1539 4310 oute-ruqeoeritis,
1556 4238 1650 4296 eteN

115 4322 226 4391 diceret,
245 4323 308 4396 quia
321 4324 556 4381 adhucbabebant
571 4325 679 4382 clausos
689 4325 794 4393 oeulos,
812 4334 838 4381 et
853 4325 915 4382 ideo
966 4322 1050 4395 (quod
1060 4326 1176 4394 poterat)
1187 4341 1217 4379 so
1232 4341 1293 4380 csse
1317 4326 1456 4381 dominum
1471 4326 1600 4397 Abrabae,
1615 4342 1650 4384 ne

116 4409 208 4467 subdit
217 4411 257 4468 eis
274 4431 281 4467 z
306 4414 376 4471 Cam
404 4414 602 4470 exaltaveritis
630 4415 745 4481 Filiam,
773 4422 837 4481 ete,
868 4414 914 4469 ubi
927 4413 1037 4485 Dcasio
1051 4411 1261 4481 calumuiae,uec
1276 4412 1360 4469 filium
1369 4415 1429 4480 Dei,
1447 4414 1495 4470 sed
1506 4415 1579 4487 quod
1593 4413 1650 4473 iuri

116 4501 235 4557 ostendit
249 4501 355 4575 aliquos
366 4502 403 4557 ibi
414 4519 486 4570 esse,
503 4501 548 4573 qui
563 4509 624 4573 post
653 4502 812 4575 passionem
837 4517 915 4559 suurn
965 4501 1037 4574 quod
1051 4509 1165 4573 possunt
1180 4501 1312 4559 occidere.

115 4598 207 4644 essent
222 4591 351 4647 credituri
365 4599 392 4648 et
405 4591 541 4665 cognituri
559 4591 618 4664 quis
635 4592 693 4664 ipse
710 4598 793 4648 esset.
1000 4617 1087 4673 yffi
1104 4617 1148 4671 41·
1162 4646 1197 4658 ,
1216 4618 1263 4674 po,
1272 4619 1371 4688 faciti,
1389 4633 1483 4690 opera·
1505 4619 1565 4673 pam
1577 4617 1650 4676 imm·

151 4705 240 4768 Vnus.
255 4711 300 4765 29.
313 4741 347 4749 -
367 4711 438 4778 Quia
448 4725 496 4780 epo
513 4725 587 4765 sem.
598 4709 669 4764 Esse
689 4716 731 4764 est
748 4707 917 4764 immutabile
965 4713 1070 4776 petrem
1081 4721 1160 4776 quam
1175 4705 1323 4772 Abrabam,
1340 4707 1416 4775 cujus
1425 4705 1473 4760 filii
1488 4714 1560 4774 sunt,
1576 4722 1635 4764 non

114 4784 214 4859 diviuae
228 4797 395 4854 substantiae.
431 4797 526 4853 Sedne
542 4796 600 4869 ipse
615 4797 661 4869 qui
670 4796 798 4868 loquitur,
813 4797 916 4852 intelli·
965 4793 1015 4848 sed
1030 4792 1188 4849 imitatione.
1204 4795 1358 4861 Dicerem,
1376 4801 1428 4851 etc.
1445 4796 1508 4862 Nos,
1520 4802 1573 4851 etc.
1588 4796 1650 4851 tatu

115 4898 227 4965 geretur
240 4902 303 4944 esse
313 4887 403 4953 Pater,
420 4885 511 4940 subdit
527 4902 534 4940 :
548 4885 805 4958 Etomeipsosccio
821 4886 915 4954 uiiit;
965 4889 1061 4953 gentes
1076 4897 1131 4937 non
1144 4881 1179 4937 do
1189 4881 1297 4955 origine
1311 4882 1408 4951 caruis,
1420 4882 1470 4938 scd
1484 4883 1519 4939 de
1534 4882 1589 4940 vita
1617 4883 1650 4940 Dt

117 4979 179 5053 quia
192 4994 208 5032 a
222 4975 328 5047 meipso
338 4991 394 5030 non
404 4990 474 5044 sum,
486 4975 535 5030 sed
549 4990 565 5028 a
579 4975 666 5029 Patre.
964 4968 1048 5040 loqui,
1066 4977 1093 5024 et
1103 4986 1136 5024 er
1149 4987 1201 5025 usu
1216 4969 1412 5042 scripturarum
1426 4971 1545 5030 scientes
1559 4970 1650 5030 femie

154 5068 293 5140 Qaicepo,
309 5072 361 5120 etc.
390 5064 504 5135 Semper
532 5063 590 5134 ipsa
607 5062 749 5135 aequalitas
776 5071 827 5119 est.
843 5062 918 5119 Sem·
966 5056 1140 5129 spiritualiter
1167 5058 1230 5124 dici,
1247 5075 1309 5114 cum
1324 5060 1413 5114 anima
1427 5059 1502 5114 falsis
1529 5058 1582 5115 diis
1611 5059 1650 5117 sul

116 5171 167 5228 per
194 5170 249 5210 uon
278 5170 311 5210 ex
340 5152 458 5224 quodam
489 5150 564 5208 initio
594 5159 620 5206 et
648 5151 778 5223 deinceps
793 5151 842 5206 sed
856 5151 917 5207 sine
965 5153 1067 5200 mumnt
1088 5147 1295 5217 responsionem
1319 5155 1345 5202 et
1364 5155 1453 5204 tacent
1465 5148 1520 5217 jem
1535 5148 1650 5220 de‘petn

115 5244 193 5301 initio
221 5251 247 5300 et
275 5242 337 5299 tine.
368 5241 419 5298 Dei
440 5239 513 5295 euim
534 5239 674 5313 generatio
696 5256 752 5297 nou
766 5240 847 5296 babet
861 5240 915 5295 ini-
965 5234 1355 5303 bum,ueeisdieatur:(1ur
1374 5236 1409 5290 de
1438 5251 1470 5291 eo
1496 5234 1650 5310 gloriemini

116 5333 183 5389 tium
197 5332 336 5404 temporis,
354 5331 417 5404 quia
430 5345 479 5402 per
489 5328 665 5403 Unigenitum
680 5328 826 5386 factasunt
848 5337 917 5385 tem·
966 5322 1049 5378 vitam
1062 5338 1117 5377 non
1130 5322 1272 5378 imitamini
1283 5325 1297 5379 i
1307 5325 1546 5396 etdicuntpatrem
1559 5324 1649 5383 Deum

118 5437 195 5494 pom·
555 5463 558 5469 ,
966 5418 1007 5466 tes
1021 5409 1114 5466 vidore
1129 5411 1193 5483 quid
1203 5413 1238 5467 ed
1253 5413 1305 5468 hoc
1320 5422 1413 5484 posset
1428 5413 1468 5469 eis
1483 5414 1585 5471 dicere.

153 5530 239 5586 Vnus.
256 5531 301 5584 30.
317 5555 352 5568 -
365 5527 448 5583 natta
462 5524 646 5582 crediderent
656 5527 687 5581 irt
697 5541 772 5581 eum.
784 5524 864 5580 Fides
875 5533 917 5580 est
1001 5526 1268 5584 inusti-Dian
1278 5545 1351 5601 erpo.
1367 5528 1650 5600 Sicutpraeostenditd

110 5619 232 5679 ¹credere
245 5616 318 5692 quod
332 5632 387 5676 neu
401 5615 488 5684 vides,
503 5613 603 5672 veritas
613 5621 655 5671 est
669 5614 761 5670 videre
772 5614 846 5686 quod
856 5631 916 5672 cre·
966 5614 1038 5684 beru,
1054 5615 1093 5674 ita
1106 5632 1179 5674 nuuc
1194 5617 1312 5701 ostendit
1324 5618 1412 5700 Deum
1426 5633 1482 5677 nen
1508 5626 1616 5692 petrem
1643 5637 1650 5677 t
