3772 6112
131 187 183 278 sss
337 216 541 277 uniamur
566 216 688 274 smum
703 214 805 274 runo.
821 212 908 273 uou.
926 214 1003 273 ore.
1019 213 1109 273 raas
1124 216 1145 271 1.
1161 244 1196 257 -
1210 208 1447 271 ruaouooma.
1728 212 1778 270 aas

82 338 85 351 '
128 342 243 412 Christi;
258 342 427 414 temporalia,
444 358 498 398 non
513 350 622 398 aeterna.
646 342 704 398 Nec
720 342 773 398 hoe
787 341 868 398 debet
882 339 963 402 ιιι-Α
978 340 1218 398 tribulationibus.
1234 340 1266 394 ln
1284 346 1320 394 tot
1340 337 1423 406 duris,
1448 339 1508 394 leve
1529 344 1570 393 est
1589 351 1661 394 onus
1680 336 1778 393 Christi

125 448 189 491 aare
204 431 311 504 aliquis,
335 432 397 504 quia
421 432 471 486 etsi
496 431 619 486 Christus
642 430 691 485 luit
709 431 832 486 mortahs
855 430 923 485 sicut
972 436 999 484 et
1014 429 1131 502 requies,
1148 429 1218 483 intus
1233 428 1334 500 Spiritu
1345 435 1439 483 sancto
1454 425 1619 495 vivificante,
1632 433 1660 481 et
1673 441 1722 496 spe
1736 425 1775 481 lu·

126 537 189 596 ego,
212 537 263 592 per
282 520 354 592 quod
372 536 434 575 eum
452 520 546 592 putavi
568 519 706 575 homiuem
728 535 790 574 esse
811 526 921 584 tantum,
973 519 1023 574 turi
1036 518 1126 573 omnia
1141 518 1292 591 mitIgante‚
1309 517 1400 572 omnia
1416 517 1488 571 enim
1503 531 1577 572 saevn
1592 523 1620 570 et
1634 514 1772 582 immania,

34 646 41 661 .
127 609 193 666 dum
207 625 281 664 eram
296 608 413 664 inlidelis
430 627 437 663 ε
458 616 546 664 tamen
565 609 621 678 jam
641 616 684 663 est
703 607 872 674 immortalis,
897 615 924 661 et
971 606 1061 663 facilia
1074 615 1100 662 et
1112 623 1196 678 prope
1205 607 1279 662 nulla
1295 605 1358 662 lacit
1370 606 1496 661 amonlit
1511 605 1664 663 seeundum
1675 605 1727 661 hoc
1737 604 1773 660 in·

125 698 162 754 ita
178 697 268 754 securi
283 713 376 753 sumus
392 697 557 767 dopmnis.
576 697 604 752 Si
619 697 680 769 quis
694 712 762 769 ergo
776 697 805 751 in
814 695 923 751 Christo
971 696 1064 769 tellige
1079 696 1151 768 quod
1163 695 1279 751 dieitur:
1300 697 1394 752 l'enite
1408 694 1444 750 od
1458 711 1514 762 me,
1530 694 1692 767 omnesqui
1708 693 1775 750 taba

126 795 167 844 est
181 795 291 843 renatus
305 802 401 851 novus,
419 785 457 840 illi
469 785 525 854 jam
541 801 590 855 spe
600 784 707 840 transiit
722 783 881 850 mortalitas,
898 790 923 838 ει
971 787 1044 841 rutis
1054 786 1204 840 ctoncruti
1214 786 1290 850 estis,
1303 787 1331 840 ct
1342 800 1388 855 epo
1399 783 1527 853 raficum
1539 799 1586 839 ves
1597 783 1711 854 (llottlt.
1722 781 1771 854 ιιι).

124 874 259 942 transibit,
276 882 302 929 et
316 874 422 929 dabitur
441 889 509 929 nova
530 873 726 929 immortalitas.
746 873 807 939 Vel,
823 871 923 943 siquis
973 873 1006 928 Et
1020 874 1118 929 iterum
1131 888 1138 928 ι
1153 874 1252 929 Tollite
1256 875 1359 945 jupam
1374 887 1627 944 mcumsupervos,
1650 874 1680 927 ct
1696 873 1774 927 tenc·

124 979 222 1031 novus,
238 970 316 1019 vetus
330 962 373 1018 lex
389 962 495 1017 transiit
509 961 558 1030 illi,
576 970 602 1018 et
616 978 714 1018 novam
729 962 821 1017 habet.
833 961 924 1016 Nemi·
972 964 1059 1019 uictis
1069 963 1194 1036 requiem
1203 962 1352 1018 animabus
1364 963 1474 1018 vestris.
1485 961 1674 1034 tuuumeutm
1681 975 1774 1017 meum

122 1070 189 1110 uem
203 1069 261 1109 non
287 1053 444 1108 secundum
472 1068 598 1108 carnem.
626 1051 715 1107 Vitam
743 1049 859 1106 futuram
887 1048 923 1103 ita
972 1050 1293 1122 ιιιαυεειι(1ῠὶά.),εῑε.

122 1149 199 1199 certa
209 1157 259 1213 spe
272 1147 355 1207 tenet,
372 1139 449 1212 quasi
458 1140 515 1208 jam
531 1139 564 1194 sit
578 1156 702 1211 praesens
714 1157 720 1193 :
732 1155 793 1211 quae
803 1139 831 1193 in
841 1137 923 1192 Chri·
1008 1141 1093 1195 Vnus.
1106 1141 1132 1193 6.
1149 1168 1184 1180 -
1198 1140 1231 1195 le
1248 1140 1383 1195 castitate
1406 1137 1510 1205 habite,
1533 1139 1565 1194 tu
1588 1139 1724 1204 scientie,
1746 1146 1776 1194 ιιι

124 1238 166 1288 sto
180 1237 307 1303 surgente
321 1228 431 1300 impleta
446 1236 497 1295 est,
514 1244 574 1301 qnae
588 1243 642 1284 non
653 1236 695 1283 est
705 1227 856 1284 secundum
866 1242 924 1282 car·
973 1236 1047 1283 caste
1062 1244 1157 1283 omnes
1171 1244 1254 1299 agere
1270 1226 1366 1293 scient,
1383 1227 1449 1281 nihil
1464 1227 1623 1283 adulterinae
1638 1226 1774 1298 opinionis

120 1336 185 1376 nem
198 1336 205 1373 :
216 1334 271 1374 non
291 1318 356 1390 quin
379 1318 407 1372 in
431 1318 525 1373 eadem
549 1317 640 1373 oarms
663 1316 812 1371 substantia
832 1331 925 1371 resur·
973 1316 1150 1372 admisceant.
1166 1317 1360 1378 insuavitate,
1375 1315 1475 1384 habita,
1493 1316 1771 1388 inSpirituaoncto:

122 1407 224 1465 recturi
238 1407 332 1473 simus,
350 1407 399 1461 sed
415 1407 488 1478 quod
502 1422 555 1461 non
570 1406 598 1460 in
613 1406 707 1461 eadem
721 1405 848 1477 qualitate
863 1419 924 1459 eor·
973 1414 1002 1461 nt
1018 1406 1131 1474 scilicet,
1147 1405 1298 1461 seeundum
1312 1406 1399 1460 Deum
1414 1421 1513 1460 suaves
1526 1414 1554 1460 et
1569 1403 1705 1471 affabiles,
1720 1421 1774 1461 non

125 1496 268 1568 ruptionis,
285 1511 344 1567 quae
358 1495 468 1550 nomine
482 1495 573 1551 earnis
590 1495 723 1566 signatur.
739 1497 774 1550 et
789 1495 814 1549 st
828 1509 926 1565 coquo·
972 1494 1053 1550 atilli
1068 1495 1113 1565 qni
1127 1510 1176 1565 per
1190 1493 1284 1549 dulces
1300 1509 1440 1549 sermones
1454 1493 1587 1549 seducunt
1600 1493 1684 1549 corda
1695 1493 1772 1549 inno·

30 1654 33 1664 Ι
126 1587 218 1642 umus
232 1585 389 1642 seeundum
407 1600 532 1640 curnem.
555 1583 625 1652 Quia
640 1582 765 1656 quamvis
781 1583 845 1637 dum
859 1579 923 1636 inst·
973 1583 1101 1639 ceutium.
1114 1583 1297 1639 lucharitute
1320 1599 1379 1639 nen
1392 1583 1470 1652 ficta.
1487 1581 1561 1638 Fiotn
1579 1590 1631 1649 est,
1648 1598 1711 1654 quae
1725 1582 1774 1638 de-

123 1675 192 1732 detis
216 1672 347 1729 intellexit
374 1673 510 1727 Christum
534 1673 562 1727 in
585 1672 647 1745 lege
669 1671 835 1743 promissum
859 1686 958 1770 esseB
974 1672 1038 1728 serit
1051 1671 1262 1727 inadversitate.

121 1762 270 1820 meandum
286 1776 406 1829 munem,
426 1760 569 1834 utlagatio
592 1756 752 1816 ousertua
773 1769 800 1816 et
818 1758 923 1815 servari
1007 1762 1093 1817 Vens.
1110 1762 1136 1816 7.
1152 1791 1187 1800 -
1201 1761 1233 1815 ln
1248 1761 1354 1816 uirtute
1368 1761 1428 1816 lici.
1443 1760 1505 1816 Non
1519 1775 1662 1831 speremus
1677 1758 1706 1814 in
1720 1758 1772 1815 ho

120 1851 297 1925 preciperet:
315 1851 363 1906 sed
386 1857 477 1906 tamen
501 1865 556 1905 non
567 1849 623 1918 jam
640 1856 701 1921 post
715 1848 922 1904 conversionem
971 1849 1045 1905 mine
1060 1849 1102 1905 vel
1117 1849 1145 1904 in
1159 1849 1254 1915 honis;
1271 1848 1295 1903 si
1305 1848 1444 1922 quidboni
1455 1856 1506 1918 est,
1518 1849 1793 1937 DeoattribuamuQ

120 1956 193 1997 nunc
208 1939 245 1995 ita
260 1955 322 1995 esse
337 1939 433 2005 eredit,
450 1939 499 1993 sed
514 1938 611 1994 umbra
624 1937 732 2009 penitus
742 1943 840 1993 cessat.
963 1938 1022 1995 ·Vel
1035 1939 1088 1994 hoc
1103 1937 1177 2003 dicit,
1194 1937 1258 2009 quia
1272 1937 1318 2009 qui
1332 1938 1463 2008 praedicta
1476 1938 1568 2005 hahet,
1582 1937 1718 1996 miracula
1731 1929 1774 1994 te-

156 2054 241 2109 Vans.
259 2055 302 2109 l'l.
314 2082 349 2093 -
366 2054 472 2109 Vetere.
489 2050 607 2107 Omnino
624 2052 707 2107 Vetus
721 2051 922 2107 Testamentum
971 2027 1008 2084 ⁰5¹
1020 2027 1055 2083 ad
1069 2025 1276 2084 ⁰⁰¹¹V⁹f⁸i⁰¹¹⁰¹¹¹
1289 2024 1448 2085 infidelium·

119 2149 146 2198 ει
160 2141 250 2197 omnin
265 2142 299 2196 ad
322 2150 444 2199 ueterem
474 2140 613 2195 hominem
627 2138 800 2211 pertinentia,
820 2146 849 2193 ut
871 2138 919 2194 sie.
1005 2145 1088 2200 Vuns.
1106 2145 1355 2215 a-Peruounm
1367 2148 1395 2200 ct
1414 2144 1776 2216 meabititntcmdlxhibea·

119 2231 203 2287 Nove.
221 2231 361 2286 Venerunt
374 2229 482 2285 Novum
493 2231 706 2296 Testamentum,
718 2236 744 2284 et
758 2227 848 2284 omnia
859 2227 922 2283 nem
971 2250 1030 2289 mus
1045 2250 1096 2288 nos
1112 2241 1139 2287 nt
1154 2232 1268 2287 ministri
1278 2232 1337 2288 Dei.
1354 2236 1408 2288 Per
1421 2234 1551 2305 plurium.
1565 2232 1594 2288 Si
1603 2232 1719 2304 gloriosi
1733 2249 1775 2288 su·

29 2390 32 2395 ⁶
119 2317 248 2375 hominis.
268 2321 374 2375 Vetera.
389 2318 423 2373 Ut
442 2332 521 2372 error
542 2317 714 2384 idololatriae,
737 2315 780 2372 cui
801 2315 921 2388 cognitio
970 2339 1031 2379 mus
1045 2323 1118 2394 apud
1131 2322 1266 2389 homiueS,
1283 2322 1325 2378 vel
1339 2322 1474 2394 ignobiles
1488 2330 1516 2378 et
1538 2322 1698 2393 contempti,
1723 2338 1773 2379 nee

118 2407 198 2463 unias
212 2406 272 2463 veri
285 2405 335 2462 [tei
351 2406 493 2462 suecessit.
970 2411 1035 2468 inde
1049 2411 1184 2481 inflemur,
1200 2427 1252 2468 nec
1265 2411 1329 2466 inde
1341 2412 1549 2467 succumbamus
1563 2411 1607 2466 vel
1617 2411 1772 2467 doleamus.

152 2522 238 2578 Vens.
256 2525 299 2578 te.
317 2523 432 2578 -lleus
447 2525 520 2579 erat.
535 2521 587 2577 Per
601 2522 654 2577 hoc
667 2519 828 2592 intelligitur
843 2519 923 2574 l‘ater
970 2500 1076 2557 E⁰d⁰¹¹¹
1090 2501 1170 2556 ¹¹¹⁰d⁰
1186 2500 1209 2555 δί
1224 2498 1386 2555 infamamur
1400 2501 1434 2556 (¹⁸
1449 2500 1540 2573 flliq¹¹⁰
1551 2500 1657 2556 ⁸⁰0¹⁰f0
1667 2500 1711 2557 vel
1721 2501 1774 2556 ¹³⁰·

119 2626 180 2670 esse
194 2610 223 2666 in
236 2609 315 2677 Filio,
332 2619 359 2666 et
376 2609 459 2665 Filius
475 2608 504 2664 in
517 2610 607 2677 Patre,
624 2609 686 2681 quia
701 2625 754 2664 una
768 2615 810 2663 est
825 2621 921 2663 eorum
970 2607 1034 2647 Μ
1050 2590 1150 2646 Ῑθῐῃᾶῐῦ
1164 2591 1311 2646 habeamus
1328 2590 1467 2661 deali(1¹10
1485 2606 1580 2661 Opere·
1606 2590 1674 2646 stem
1698 2589 1775 2645 effi·

117 2699 276 2757 substantia.
302 2698 342 2754 us
360 2706 402 2754 esi
424 2697 522 2765 unus,
546 2698 590 2755 ut
614 2698 687 2752 naua
709 2695 873 2753 artemius:
893 2703 945 2754 ei.
971 2675 1085 2732 namus
1095 2691 1146 2731 1¹⁰³
1160 2676 1218 2731 ⁰0⁰
1228 2675 1314 2731 hahiti
1324 2679 1357 2730 u
1366 2675 1526 2731 serunt-u
1536 2674 1608 2745 arud
1625 2673 1772 2747 quosdam,

115 2787 178 2846 ideo
193 2787 298 2845 alteria
313 2787 399 2844 attero
414 2794 466 2855 ess,
483 2786 546 2859 quia
564 2793 591 2842 es
612 2785 703 2860 imago
726 2793 753 2843 es
774 2783 920 2840 sqnqqudo
971 2764 1044 2837 quod
1058 2763 1154 2819 falsum
1164 2771 1215 2819 est.
1231 2765 1267 2819 Et
1280 2779 1334 2819 non
1348 2763 1413 2819 dicit
1427 2763 1595 2835 simpliciter,
1613 2764 1707 2820 babiti
1732 2779 1776 2820 ae·

118 2892 213 2935 eorum
227 2892 281 2933 uns
295 2882 347 2933 ess,
970 2852 1110 2920 ductores,
1128 2853 1177 2908 sed
1191 2852 1265 2908 addit
1281 2871 1288 2907 ι
1304 2858 1346 2922 ut,
1363 2861 1389 2908 et
1398 2851 1462 2908 inde
1471 2860 1513 2908 est
1521 2851 1645 2907 infamia.
1656 2853 1691 2907 Et
1701 2852 1775 2925 apud

154 2963 239 3022 qm,
255 2968 300 3023 2⁰.
313 2995 348 3005 ..
362 2962 607 3022 pecomitiamsnt,
621 2960 841 3018 Reconoffiamur
855 2976 920 3016 con·
970 2941 1040 2997 alios
1055 2941 1137 2997 hahiti
1147 2949 1177 2998 ut
1190 2958 1310 2998 uermes.
1329 2940 1413 3010 Quasi
1427 2940 1513 2998 dicat:
1529 2941 1581 2997 hoc
1599 2957 1699 2997 verum
1721 2949 1774 3012 est,

114 3049 215 3111 litando
228 3059 352 3126 peccata,
368 3051 562 3124 etpoenitendo
576 3051 601 3106 ei
619 3050 665 3124 qui
682 3066 734 3107 nos
754 3050 806 3105 sibi
820 3053 960 3131 recen-C¹
971 3038 1091 3088 attamen
1115 3046 1166 3088 nee
1190 3032 1261 3086 hona
1283 3030 1462 3086 estimatione
1495 3030 1697 3102 superbiamus,
1723 3045 1775 3087 nee

122 3142 206 3200 efflas,
967 3119 1041 3175 mala
1054 3120 1204 3177 doleamus.
1225 3121 1293 3176 item
1314 3119 1401 3176 hahiti
1424 3119 1496 3192 apud
1519 3119 1599 3188 altos,
1623 3124 1659 3177 ut
1680 3121 1775 3177 cotti·

150 3232 236 3286 Vana.
254 3231 299 3286 at.
315 3258 351 3270 -
364 3231 419 3285 Pro
432 3227 511 3285 uobis
524 3232 674 3301 peccatum
688 3227 768 3300 feeit.
788 3229 859 3284 Usus
876 3234 918 3283 est
966 3211 1037 3282 datis
1054 3216 1108 3266 0¹⁰·

115 3317 223 3378 Veteris
237 3317 403 3374 Testamenti
416 3324 530 3389 peecata
544 3315 599 3372 dici
614 3315 747 3372 sacrificia
757 3332 806 3388 pro
819 3331 918 3388 pecca·
1002 3324 1089 3380 Vnus.
1107 3327 1150 3379 to.
1167 3352 1201 3364 -
1217 3325 1303 3392 Quasi
1318 3324 1425 3380 tristes.
1441 3322 1545 3379 inimici
1559 3324 1695 3395 putabant
1709 3339 1776 3397 apo·

113 3406 158 3476 tis,
175 3407 229 3475 vel,
244 3414 388 3478 peceatum
403 3405 503 3462 dicitnr
518 3404 664 3461 similitudo
686 3405 776 3461 carnis
799 3404 915 3477 peceati.
968 3412 1052 3468 stolas
1066 3427 1122 3468 non
1137 3411 1254 3468 evadere
1268 3412 1357 3467 minas
1372 3412 1536 3484 iniquorum,
1563 3412 1618 3483 1psi
1640 3428 1694 3484 ope
1719 3413 1771 3469 pei

114 3495 193 3554 Unde
207 3494 306 3552 dicitur
316 3513 322 3550 :
334 3497 373 3552 lle
385 3498 501 3569 peccate
518 3494 620 3551 delenit
634 3495 678 3550 vet
692 3494 840 3550 damnauit
852 3511 917 3568 pce·
966 3501 1015 3557 tuti
1029 3509 1091 3556 sunt
1106 3515 1123 3556 a
1136 3508 1224 3556 morte
1238 3500 1366 3571 prasenti
1380 3508 1406 3556 et
1431 3500 1529 3556 lutura.
1554 3501 1659 3558 Ouinia
1680 3503 1774 3574 posse.

117 3585 225 3653 catum,
241 3583 269 3640 id
280 3592 321 3639 esi
331 3584 365 3639 de
375 3582 550 3638 similitudine
561 3582 650 3639 carnis
660 3582 778 3653 peccati:
790 3583 856 3657 quta
866 3583 918 3638 me
966 3589 1073 3646 autes.
1089 3588 1168 3644 Tales
1183 3596 1245 3644 sunt
1255 3589 1310 3661 qui,
1325 3597 1450 3645 leaenas
1469 3589 1578 3645 diutiss
1598 3589 1773 3659 abjicientes,

119 3675 242 3730 titllcus
252 3674 359 3730 Filium
370 3673 495 3729 suumin
505 3671 727 3728 similitudinem
741 3671 837 3728 cornis
852 3688 917 3744 pec·
965 3678 1090 3734 coelestes
1104 3677 1246 3748 perfidem
1259 3678 1317 3746 jam
1332 3685 1433 3734 tenent.
1451 3677 1537 3748 Quasi
1555 3678 1621 3732 nihil
1636 3679 1775 3736 hahentes

111 3763 180 3820 enti.
201 3763 240 3817 lta
258 3761 340 3818 etiam
357 3760 532 3817 maledictum
544 3775 593 3831 pro
603 3767 691 3814 morte
702 3759 844 3831 accipitur,
856 3775 916 3831 quae
965 3765 1055 3822 omnia
1070 3765 1220 3837 possidens,
1237 3765 1293 3838 qui,
1311 3766 1428 3822 terrenis
1444 3767 1473 3822 in
1487 3783 1566 3822 usum
1580 3767 1625 3823 vel
1640 3783 1713 3840 opus
1727 3767 1778 3824 mi.

111 3848 299 3907 demaledieto
309 3849 360 3905 Dei
370 3849 454 3919 venit,
466 3858 569 3906 utvere
580 3848 683 3904 dictum
697 3848 725 3903 in
740 3848 802 3919 lege
816 3847 917 3903 intelli·
966 3854 1120 3910 sericordiae
1135 3854 1258 3922 retensis,
1274 3855 1401 3911 scelestes
1424 3855 1533 3911 divinas
1552 3872 1583 3912 se
1605 3857 1775 3930 quandoque

111 3947 206 4012 gutur:
216 3938 380 3995 Maledictus
392 3938 484 3993 omnis
495 3937 543 4009 qui
557 3937 660 4009 pendet
677 3937 709 3991 iu
726 3936 800 4008 liquo
818 3938 913 4007 (licut.
964 3942 1104 3999 habituros
1118 3950 1238 4014 sperant.
1256 3944 1351 4000 Gloria
1359 3944 1544 4016 apostolorum
1559 3944 1617 4012 luit,
1627 3945 1698 4000 nihil
1713 3961 1770 4002 om·

109 4027 184 4098 ¹¹1)·
197 4025 269 4094 Quid
279 4033 321 4106 tsi
331 4025 403 4096 ‘1¹10d
414 4025 460 4091 ait,
472 4024 690 4080 maledictusiid
706 4030 757 4092 est,
779 4029 855 4080 tem
873 4040 912 4092 et,
964 4031 1029 4087 nino
1043 4031 1196 4102 possidere,
1218 4031 1276 4088 sine
1297 4032 1477 4089 sollicitudine
1501 4050 1580 4090 esse:
1595 4040 1622 4090 et
1644 4041 1701 4090 tam
1725 4051 1773 4091 res

112 4113 418 4184 batemamibt'stdeu.
429 4112 480 4184 111).
492 4112 564 4181 Quid
578 4121 619 4168 est
636 4113 709 4184 quod
719 4112 793 4178 dicii,
805 4111 914 4168 Omnis?
965 4137 1045 4192 quam
1060 4120 1286 4177 dominosearum
1300 4122 1452 4193 possidere,
1469 4122 1531 4194 quia
1545 4122 1639 4179 omnia
1658 4123 1696 4179 ad
1719 4140 1771 4196 pe.

112 4203 175 4275 qaia
188 4201 321 4276 Christus,
333 4201 380 4274 qni
394 4201 524 4272 pependit
534 4200 562 4255 in
573 4200 659 4274 ligno,
678 4217 740 4257 cnm
756 4209 830 4257 esset
850 4215 915 4258 vern
964 4208 1013 4265 des
1028 4224 1122 4265 eorum
1134 4209 1320 4281 ponebantur,

111 4291 175 4362 vita,
186 4298 310 4349 m⁰f¹¹¹¹¹⁸
320 4298 362 4347 ‘²⁵‘
376 4303 443 4347 Vera
457 4298 545 4346 ”¹⁰³⁰
559 4304 614 4345 ⁰⁰¹¹
629 4288 699 4346 fida·
999 4326 1085 4380 Vnus.
1103 4330 1147 4380 tl.
1162 4326 1243 4382 —Os
1258 4330 1399 4383 nestrum.
1417 4326 1501 4396 Quasi
1510 4326 1599 4384 dicat:
1615 4326 1701 4384 Multa
1716 4328 1772 4385 dixi

423 4458 537 4516 CAPUT
556 4460 592 4515 vl
921 4421 949 4485 1)
964 4411 999 4468 de
1014 4413 1102 4480 vohis,
1122 4415 1173 4469 sed
1187 4415 1247 4470 haee
1262 4415 1353 4471 omnia
1373 4415 1463 4486 ample
1485 4422 1512 4471 et
1526 4414 1624 4471 didisse
1638 4416 1723 4487 dieta,
1739 4417 1773 4474 ad

595 4499 601 4514 ⁸
964 4517 1013 4557 vos
1028 4501 1206 4575 corrigendos
1221 4511 1353 4575 spectant,
1362 4504 1622 4569 oCorinthii,etnon
1635 4505 1771 4563 admeam

151 4598 237 4658 Vana.
256 4600 281 4656 l.
296 4631 331 4642 -
346 4599 426 4658 Ncin
441 4615 572 4657 uacuum.
585 4598 678 4655 Gratia
693 4598 744 4657 Dei
761 4607 803 4656 est
817 4598 915 4655 remis-
965 4591 1140 4662 superbiam,
1167 4591 1257 4664 itaque
1284 4592 1359 4648 stulti
1385 4593 1451 4649 estis
1475 4593 1521 4665 qui
1547 4608 1592 4649 me
1615 4593 1769 4653 dimisistis,

115 4690 349 4763 siepecoatorum,
366 4706 447 4762 quam
461 4689 490 4744 in
505 4706 605 4744 vanum
618 4689 723 4761 recipit,
740 4688 847 4762 quinon
858 4687 915 4744 vult
1000 4676 1085 4734 Vsstsss
1103 4681 1147 4735 14·
1162 4710 1197 4721 -
1212 4682 1303 4737 Nolite
1317 4684 1429 4754 jusum,
1450 4690 1501 4738 eto.
1525 4682 1604 4740 Ratio
1627 4692 1679 4752 est,
1706 4685 1772 4758 quia

116 4793 147 4834 se
165 4792 295 4834 exercere
319 4777 346 4832 in
368 4777 498 4849 operibus
514 4777 602 4846 bonis,
619 4778 661 4834 vel
677 4777 723 4850 qui
738 4777 765 4833 in
779 4776 915 4851 legalibus
964 4782 1014 4824 vos
1025 4767 1100 4836 justi,
1116 4767 1155 4824 illi
1170 4768 1271 4842 iniqui:
1282 4770 1378 4827 eiideo
1393 4770 1422 4826 in
1436 4772 1510 4829 nullo
1524 4772 1631 4830 debetis
1646 4773 1688 4830 eis
1697 4789 1772 4832 tom·

117 4863 238 4923 contidit.
964 4855 1115 4913 manicare.
1212 4890 1215 4894 -

154 4978 240 5034 Vnus,
255 4982 282 5038 2.
298 5009 333 5021 -
351 4979 432 5036 Nunc
450 4982 570 5051 tempus,
591 4978 671 5048 Quod
685 4995 739 5036 non
753 4980 781 5036 in
795 4980 858 5055 lege
873 4997 917 5040 ve-
1003 4972 1089 5027 Vates.
1107 4975 1150 5027 15.
1166 5003 1202 5014 -
1218 4975 1283 5043 Qnoe
1301 4978 1400 5032 alitem
1417 4979 1565 5034 conventio
1591 4977 1708 5036 Christi.
1734 4979 1768 5036 Ut

118 5065 180 5135 teri,
197 5067 241 5122 vel
254 5082 335 5132 nune,
352 5082 408 5122 non
422 5081 493 5134 eras,
509 5083 564 5122 non
577 5076 639 5138 post
650 5084 767 5126 annuim
784 5067 848 5143 quia
861 5079 917 5127 sta·
966 5069 1091 5128 Christus
1105 5076 1133 5124 et
1146 5068 1231 5125 Belial
1253 5086 1308 5127 non
1331 5073 1504 5141 conveniunt,
1530 5074 1570 5130 sic
1594 5073 1767 5132 Christianus

119 5153 169 5210 hm
183 5153 212 5209 in
225 5153 300 5209 obitu
314 5152 419 5210 fidelis:
436 5154 510 5210 salus
526 5155 614 5210 datiis.
966 5164 994 5214 et
1007 5156 1120 5230 quilibet
1133 5156 1261 5214 infidelis.
1277 5160 1345 5216 Item
1364 5142 1430 5217 nihil
1454 5162 1536 5219 hahet
1561 5164 1694 5235 templum
1718 5165 1770 5222 Dei

156 5242 243 5298 Vana.
259 5246 285 5297 3.
301 5273 337 5284 -
353 5244 385 5299 tlt
398 5260 456 5299 uon
472 5245 658 5315 vituperetur.
676 5244 756 5314 Quod
765 5246 857 5320 ntique
872 5246 918 5304 lie·
967 5261 1030 5304 cum
1044 5246 1140 5314 idolis;
1158 5254 1184 5302 ει
1192 5247 1256 5320 quia
1268 5264 1318 5305 vos
1334 5251 1540 5324 astistemplum
1554 5253 1614 5320 liei,
1635 5254 1699 5312 ideo
1713 5270 1769 5311 non

120 5330 216 5474 reqiqi,
226 5330 300 5402 quod
314 5330 399 5386 verbo
413 5331 583 5398 doceremus,
607 5333 697 5405 operis
714 5335 839 5407 exemplo
862 5351 918 5392 non
967 5344 1074 5401 debetis
1088 5345 1288 5403 communicare
1298 5362 1361 5404 cum
1373 5349 1416 5405 his
1432 5350 1478 5422 qui
1491 5359 1555 5407 suns
1564 5351 1698 5426 templum
1708 5353 1767 5410 dig.

122 5435 155 5476 ex
205 5434 323 5475 eremus.
966 5432 1033 5490 boli.

155 5507 241 5564 tans.
258 5509 285 5563 t.
301 5536 336 5548 -
350 5506 430 5564 Sicut
443 5507 495 5564 lici
509 5509 665 5567 minueres.
689 5511 723 5567 Hi
734 5527 790 5568 non
803 5512 918 5569 adulan-
1003 5521 1089 5579 Vnus.
1106 5524 1149 5578 16.
1165 5553 1200 5566 ·-
1216 5524 1285 5583 Cum
1294 5526 1396 5583 motis?
1410 5526 1693 5600 ldolaprohibeteeli,
1706 5531 1769 5604 qaia

115 5601 212 5666 luunt
225 5595 712 5670 pseudostudenteslucro.lumuttn
724 5602 918 5674 potientium
967 5609 1004 5668 ah
1025 5625 1081 5668 uno
1103 5610 1161 5669 Deo
1181 5620 1318 5686 separant.
1342 5615 1392 5672 llis
1409 5616 1636 5677 omnibusrnodis
1650 5618 1770 5679 οειειιιιιι
