3772 6112
108 280 177 337 ttae
536 321 543 333 .
635 279 778 338 HYNNUS
793 279 841 337 DE
855 277 1127 339 AGAUNENSIBUS
1142 281 1248 338 attur.

377 405 417 461 Dc
431 405 646 476 consessoribus.
925 406 954 469 Α
1251 409 1289 462 De
1317 408 1480 479 cirpinibus.

109 511 166 566 llos
180 510 303 582 perlecta
317 525 367 566 suo
383 526 496 567 senuna
510 511 647 570 confessio
666 511 735 586 Regi
964 512 1052 569 Fortis
1067 512 1094 567 in
1109 512 1218 568 infirmo
1232 512 1319 587 viguit
1332 512 1483 570 constantia
1503 530 1570 571 sexu

145 598 222 657 Fecit
236 599 263 654 in
277 599 390 657 aetheria
403 601 548 658 consocios
562 601 666 674 requie.
999 600 1065 671 Qum
1081 600 1134 656 sihi
1148 601 1302 675 virgineum
1317 602 1425 673 copulat
1439 601 1567 660 officium.

107 688 249 761 Exemplis
264 705 380 762 quorum
396 688 531 764 dictisque
544 690 573 746 in
587 706 656 762 pace
670 699 825 760 manentes,
961 690 1073 763 Nosque
1089 705 1230 746 monemur
1243 691 1271 746 in
1284 692 1346 757 hoc,
1363 691 1458 747 mundi
1472 690 1495 747 si
1509 691 1631 750 incursio
1642 691 1726 762 desit,

145 778 311 833 lustruimur
325 793 439 835 summe
452 779 528 851 pacis
542 795 634 837 amare
653 779 734 837 viam.
999 779 1102 835 Saltem
1119 795 1180 835 cum
1194 779 1267 838 vitiis
1284 796 1361 836 mens
1376 780 1422 852 pia
1437 780 1507 837 bella
1522 788 1612 853 gerat.

392 888 432 944 Dc
451 888 632 960 martyribus.
1095 888 1128 944 ln
1142 889 1240 945 rrotolc
1256 889 1350 944 sancti
1368 889 1483 945 llortini
1497 889 1631 963 episcopi.

109 991 251 1066 Sanguine
265 992 311 1065 qui
325 993 437 1066 proprio
452 994 574 1051 coelestia
587 995 702 1067 praemia
716 994 807 1068 adepti
963 995 1017 1052 lste
1031 995 1081 1051 Dei
1096 1003 1205 1052 sanctus
1219 995 1317 1051 doctor
1331 994 1497 1051 venerabilis
1510 995 1569 1051 orbi

145 1080 215 1150 Quae
228 1080 282 1137 sibi
298 1082 424 1139 retribuit
438 1083 605 1140 retribuente
629 1086 696 1142 Deo.
999 1085 1067 1141 vitae
1081 1086 1205 1157 exempla
1220 1085 1303 1153 dedit,
1328 1085 1438 1156 adjuvat
1452 1092 1479 1141 et
1499 1084 1638 1157 precibus.

108 1170 169 1227 Nos
183 1170 325 1228 tolerando
339 1181 450 1229 monent
465 1172 546 1230 facile
559 1175 680 1246 pretiosa
694 1175 803 1242 subire,
963 1174 1028 1231 Haec
1039 1174 1194 1248 quicunque
1208 1175 1296 1247 legas,
1313 1175 1423 1231 veniam
1437 1173 1589 1245 deposcere
1613 1171 1709 1229 Strabo

144 1259 199 1315 Pro
214 1259 319 1316 Christo
333 1261 491 1333 opprobria,
508 1279 569 1335 quae
583 1277 660 1320 sacra
676 1279 764 1337 regna
777 1271 883 1335 parent.
997 1263 1041 1319 Sis
1055 1279 1169 1333 mernor,
1185 1272 1212 1321 et
1226 1271 1340 1322 cunctos
1355 1265 1406 1320 hos
1421 1277 1490 1319 roca
1505 1262 1533 1318 iu
1547 1261 1688 1318 auxilium.

610 1469 781 1532 HYMNUS
808 1468 864 1531 Da
892 1470 1044 1533 NATALl
1071 1471 1214 1535 DOMINI

180 1678 304 1736 Gloriam
318 1689 383 1737 nato
398 1681 524 1739 cecinere
539 1682 661 1754 Christo,
920 1685 947 1746 B
1033 1684 1133 1757 Spiritu
1147 1701 1295 1761 pregnans
1308 1687 1447 1759 operantis
1461 1687 1489 1743 in
1504 1703 1534 1745 se

181 1777 288 1852 angeli,
304 1777 406 1836 samam
421 1779 553 1847 retulere,
568 1780 644 1837 alere
869 1836 876 1848 ,
1174 1776 1259 1832 llater
1272 1793 1406 1850 opusque.

180 1875 254 1932 Voce
269 1884 393 1949 pastores
407 1893 477 1935 nora
491 1879 695 1953 concrepabant
1032 1865 1138 1921 Veritas
1153 1875 1226 1923 terra
1239 1866 1384 1938 pietasque
1397 1874 1461 1921 ueta
1475 1873 1527 1935 est,

322 1974 427 2031 Gaudia
446 1979 559 2034 mundo,
1030 1954 1116 2011 Solvit
1129 1963 1155 2011 et
1170 1956 1265 2028 primae
1279 1954 1480 2011 maledictionis

178 2071 248 2128 Lau,
261 2072 288 2127 in
303 2073 428 2142 excelsis,
449 2076 493 2146 pia
509 2091 561 2148 pu
574 2075 603 2132 in
627 2076 711 2145 mis,
1030 2042 1144 2111 Damna,
1160 2060 1211 2117 pro
1225 2044 1312 2115 spinis
1326 2043 1486 2116 tribulisque
1499 2041 1617 2098 fructum

179 2160 283 2216 Dicitur
295 2163 403 2236 magnis
417 2164 584 2220 celebranda
597 2165 678 2232 rotis,
1165 2133 1249 2189 Tem
1273 2131 1407 2188 minislffll

179 2248 276 2306 Omnis
289 2250 407 2307 adventu
421 2252 530 2309 Domini
553 2262 676 2311 moretur
1028 2239 1143 2297 Fructus
1159 2240 1203 2298 hic
1216 2248 1304 2308 terre,
1321 2239 1397 2311 prius
1412 2254 1428 2294 a
1443 2238 1576 2310 propheta

307 2348 431 2404 Doctrina
451 2366 555 2407 rerum,
1030 2329 1115 2385 Valde
1129 2328 1253 2385 sublimis
1266 2327 1315 2384 luit
1329 2327 1476 2393 indicatus,

178 2435 264 2510 Virgo
279 2445 412 2510 conceptu
427 2439 589 2515 gravidatur
609 2439 690 2497 almo.
1027 2418 1080 2488 Qui
1095 2434 1195 2490 &080⁸
1208 2426 1317 2474 ”⁰0¹oe
1332 2424 1456 2473 ⁸³¹⁰th
1470 2414 1533 2472 VDO

177 2525 329 2599 Coujugum
344 2534 426 2583 mutae
440 2527 602 2600 sterilesque
617 2527 693 2585 fibrae
1170 2507 1241 2562 Pane
1260 2506 1372 2562 l'fllelel·

176 2613 237 2668 tam
251 2614 345 2686 vigens
358 2615 439 2672 donis
451 2617 530 2685 uteri,
550 2619 693 2691 prophetat
1026 2596 1077 2654 llic
1089 2596 1141 2653 sub
1155 2597 1271 2652 hnmana
1287 2594 1378 2667 specie
1401 2608 1559 2664 coruscans,

318 2704 435 2761 earcere
463 2714 548 2762 uvares,
1027 2685 1086 2742 Vile
1100 2686 1232 2758 prsesepis
1247 2685 1332 2742 voluit
1345 2683 1434 2742 cubile

176 2790 354 2862 Splendidam
368 2792 431 2849 coeli
446 2793 565 2851 iaculum
580 2796 693 2863 dedere,
1027 2775 1118 2843 Ferre·
1133 2791 1188 2848 tl¹¹⁰
1203 2791 1265 2831 ⁸⁰³0
1279 2775 1347 2831 dm
1368 2773 1507 2841 ”willel

175 2881 257 2937 llorit
270 2881 398 2938 ardorem
413 2898 492 2941 sacra
506 2882 553 2941 lux
571 2885 725 2959 llagorum,
1164 2864 1268 2921 Pt⁸⁰¹¹³
1295 2871 1396 2936 1181101·

175 2977 308 3035 Territaat
323 2995 422 3036 saevam
435 2997 507 3038 novo
520 2981 676 3039 Judaeomm
1026 2971 1149 3028 Gaudeat
1164 2971 1226 3028 coeli
1241 2972 1351 3040 chorus,
1365 2976 1395 3026 ut
1409 2970 1523 3027 Creator

315 3075 413 3132 Nuntia
427 3077 547 3150 plebem,
918 3052 943 3115 C
1024 3061 1090 3131 Ejus
1105 3061 1245 3133 antiquum
1259 3075 1404 3116 numerum
1418 3064 1541 3124 novaret,

1025 3151 1086 3222 lpse
1101 3149 1255 3216 descendit,
1272 3148 1354 3204 simul
1369 3156 1395 3204 et
1410 3146 1559 3219 superbum

175 3172 244 3229 Sera
258 3173 399 3247 longevus
412 3175 522 3233 Simeon
536 3175 654 3233 ridendo

175 3271 254 3338 Vota,
269 3279 325 3327 tam
338 3272 421 3346 longe
435 3273 510 3345 prius
529 3273 676 3345 expetitam

175 3368 307 3426 Proedicet
321 3370 427 3426 cunctis
441 3372 556 3428 Domini
567 3373 682 3430 salutern

1166 3238 1295 3294 Sternere
1319 3238 1435 3294 hostem.

1023 3344 1110 3401 Terra
1126 3344 1241 3412 laetetur,
1258 3343 1362 3400 radiata
1381 3342 1450 3399 tanti

1024 3433 1144 3489 Luminis
1159 3440 1257 3501 tractu,
1273 3448 1362 3504 genus
1376 3439 1404 3487 et
1420 3431 1591 3504 redemptum

173 3549 252 3602 Anna
262 3548 318 3618 jam
332 3556 400 3604 notu
415 3549 535 3622 gravior,
557 3558 670 3622 repente
1024 3523 1094 3578 Vota
1108 3521 1227 3595 gratanti
1239 3527 1337 3577 voveat
1360 3520 1486 3592 seratque

172 3635 252 3692 Lucis
265 3644 365 3694 attactu
379 3646 521 3709 penetrata
535 3647 636 3696 sanctae
1172 3609 1267 3665 ΗΘΜ
1285 3615 1387 3665 meme·

173 3724 252 3793 Quod
265 3725 311 3782 diu
326 3726 404 3781 traxit
417 3727 565 3784 toleranter
576 3744 636 3785 aevu
1024 3718 1130 3776 Christe
1145 3732 1292 3791 regnorum
1307 3714 1461 3771 dominator
1485 3730 1557 3789 auge

321 3823 396 3880 Laeta
408 3824 528 3897 peregit.
1022 3807 1142 3880 Principi
1156 3814 1250 3862 nostru
1264 3806 1350 3862 decus
1364 3812 1391 3861 et
1409 3804 1571 3877 triumphos,

171 3913 320 3985 llartyrum
333 3913 417 3970 flores
431 3914 507 3970 larus
526 3914 706 3988 interemptor
1022 3898 1088 3968 Ejus
1103 3903 1129 3953 0²
1143 3895 1249 3996 Ps⁰¹0f¹¹
1264 3895 1335 3952 bene
1349 3909 1412 3952 ⁰¹¹¹ss
1425 3893 1525 3967 Plldiffl

170 4000 278 4057 llilibus
293 4002 396 4072 multis,
410 4003 490 4060 avide
509 4019 635 4063 cruorem
1164 3986 1286 4059 C⁰¹ll⁰80
1308 3984 1394 4042 sam·

170 4088 323 4159 Quaeritaus
338 4092 440 4148 Christi
454 4093 558 4150 cruciat
579 4093 706 4169 malignae
1023 4095 1130 4166 Sponsa
1144 4108 1198 4166 quo
1213 4091 1276 4148 lulis
1291 4100 1336 4147 tua
1350 4092 1400 4149 sub
1413 4091 1537 4164 patronis

309 4180 426 4253 Frigore
442 4182 543 4238 mentis
1023 4183 1128 4239 Polleat
1142 4181 1224 4239 tantis
1238 4181 1337 4238 merito
1351 4182 1467 4254 locoque

168 4268 245 4342 Ergo
260 4285 341 4342 quam
356 4279 457 4327 nostrie
472 4279 552 4343 caput
566 4271 683 4344 optionis
1023 4270 1190 4328 Praemineus
1204 4270 1316 4338 mundo,
1330 4279 1494 4344 maneatque
1507 4269 1590 4343 longa

167 4357 299 4414 Novimus
312 4358 401 4416 lucem
414 4359 555 4417 celebrare
574 4361 662 4434 plenis
1166 4360 1237 4417 Pace
1251 4358 1350 4416 fidelis.

918 4413 945 4475 D

168 4445 292 4515 (laudis,
308 4448 381 4504 omni
397 4449 556 4506 studeamus
565 4450 645 4508 11111111
1020 4468 1127 4524 Christe
1142 4468 1178 4523 de
1192 4466 1271 4523 nobis
1284 4474 1332 4523 tua
1342 4465 1420 4535 jussa
1434 4481 1501 4522 vero

322 4538 402 4594 Pacis
422 4553 526 4596 11110111.
1018 4557 1108 4612 Corde
1123 4556 1233 4623 sectari
1250 4554 1372 4611 simulet
1394 4554 1483 4611 beatis

165 4642 263 4699 Editus
278 4659 355 4700 sacro
368 4645 456 4701 Patris
470 4661 519 4704 ore
538 4664 647 4720 semper
1018 4645 1130 4702 Actibus
1145 4644 1207 4700 vil&
1222 4643 1336 4699 nitidum
1351 4642 1451 4699 'nemi

166 4741 286 4813 Virginis
300 4751 373 4799 cana
387 4744 472 4800 voluit
486 4746 538 4802 suh
552 4745 615 4803 alvo
1136 4734 1257 4791 Stemmfl
1270 4733 1409 4806 perennis·

164 4832 231 4885 Arta
244 4838 348 4888 naturae
361 4833 479 4890 tolerare
495 4834 590 4901 lactor,
1016 4843 1129 4898 Prrcstet
1144 4841 1203 4898 haec
1217 4839 1298 4897 nobis
1312 4839 1405 4896 Deitas
1421 4839 1497 4895 beata

320 4921 413 4979 Manis
426 4932 535 4981 nostrie.
1013 4929 1102 4986 Patris
1116 4937 1143 4986 et
1157 4927 1230 4999 Nati,
1245 4929 1400 5001 pariterque
1425 4927 1513 4985 sancti

324 3460 412 3514 Patris
425 3460 532 3517 adesse.

165 5009 250 5083 Virgo
264 5018 420 5082 portantem
434 5013 590 5071 veneranda
606 5021 706 5087 portat,
1014 5017 1131 5091 Spiritus
1146 5033 1252 5073 summa
1265 5016 1366 5090 pietate
1391 5031 1512 5088 regnans

162 5107 252 5162 Lactst
268 5108 391 5175 altorem,
408 5110 482 5167 vehit
495 5118 522 5168 et
535 5119 687 5184 parentem,
1139 5104 1227 5163 Omne
1240 5122 1291 5178 per
1305 5121 1403 5162 aevum.

496 5315 668 5379 HYMNUS
691 5318 745 5378 DE}
769 5310 1091 5377 AGAUNENSIBUS
1118 5310 1387 5373 MARTYRIBUS

802 5453 1042 5470 μ

193 5499 268 5556 Felix
284 5501 372 5557 Gadis
386 5501 502 5560 sortibus
524 5506 636 5578 tropaeis
1011 5515 1141 5572 llomanae
1156 5529 1234 5571 soror
1250 5513 1327 5571 urhis
1353 5524 1434 5589 etque
1450 5531 1566 5575 consors
1582 5533 1589 5571 :

160 5588 287 5645 Ubertatc
303 5590 365 5661 soli,
380 5591 469 5649 virum
490 5594 587 5662 nitore,
1046 5604 1120 5673 Haec,
1137 5604 1258 5677 inquam,
1275 5602 1373 5662 melius
1387 5605 1478 5663 dicata
1497 5603 1599 5661 Christi

157 5677 245 5753 Regni
260 5679 371 5738 nomine
384 5690 537 5756 purpurata
550 5700 663 5760 magno,
1010 5690 1113 5768 Signis,
1129 5691 1195 5750 illita
1209 5700 1362 5767 martyrum
1379 5708 1489 5761 cruore,
