<?xml version="1.0" encoding="UTF-8"?>
<!DOCTYPE html PUBLIC "-//W3C//DTD XHTML 1.0 Transitional//EN"
    "http://www.w3.org/TR/xhtml1/DTD/xhtml1-transitional.dtd">
<html xmlns="http://www.w3.org/1999/xhtml" xml:lang="en" lang="en">
 <head>
  <title>
</title>
<meta http-equiv="Content-Type" content="text/html;charset=utf-8" />
  <meta name='ocr-system' content='tesseract 3.04.00' />
  <meta name='ocr-capabilities' content='ocr_page ocr_carea ocr_par ocr_line ocrx_word'/>
</head>
<body>
  <div class='ocr_page' id='page_1' title='image "./patrologiaecurs06saingoog_0430.png"; bbox 0 0 3772 6112; ppageno 0'>
   <div class='ocr_carea' id='block_1_1' title="bbox 109 256 1762 321">
    <p class='ocr_par' dir='ltr' id='par_1_1' title="bbox 109 256 1762 321">
     <span class='ocr_line' id='line_1_1' title="bbox 109 256 1762 321; baseline -0.002 -1"><span class='ocrx_word' id='word_1_1' title='bbox 109 263 162 321; x_wconf 84' lang='lat' dir='ltr'>ets</span> <span class='ocrx_word' id='word_1_2' title='bbox 600 259 747 319; x_wconf 79' lang='lat' dir='ltr'>HOhssLlA</span> <span class='ocrx_word' id='word_1_3' title='bbox 762 261 799 318; x_wconf 86' lang='grc' dir='ltr'>ΙΝ</span> <span class='ocrx_word' id='word_1_4' title='bbox 817 260 899 317; x_wconf 83' lang='grc' dir='ltr'><strong>ΙΝΙΤ.</strong></span> <span class='ocrx_word' id='word_1_5' title='bbox 915 256 1047 318; x_wconf 76' lang='lat' dir='ltr'>EVANG.</span> <span class='ocrx_word' id='word_1_6' title='bbox 1064 260 1193 317; x_wconf 66' lang='lat' dir='ltr'>Mlltfl.</span> <span class='ocrx_word' id='word_1_7' title='bbox 1419 310 1423 319; x_wconf 92' lang='lat'>.</span> <span class='ocrx_word' id='word_1_8' title='bbox 1710 257 1762 317; x_wconf 74' lang='lat'>850</span> 
     </span>
    </p>
   </div>
   <div class='ocr_carea' id='block_1_2' title="bbox 112 382 1772 3555">
    <p class='ocr_par' dir='ltr' id='par_1_2' title="bbox 112 382 1772 3555">
     <span class='ocr_line' id='line_1_2' title="bbox 113 382 1762 461; baseline -0.001 -19"><span class='ocrx_word' id='word_1_9' title='bbox 113 385 251 461; x_wconf 82' lang='lat' dir='ltr'>agendum</span> <span class='ocrx_word' id='word_1_10' title='bbox 265 385 461 452; x_wconf 82' lang='lat' dir='ltr'>convolaverit,</span> <span class='ocrx_word' id='word_1_11' title='bbox 478 386 548 443; x_wconf 91' lang='lat' dir='ltr'>sicut</span> <span class='ocrx_word' id='word_1_12' title='bbox 562 386 652 441; x_wconf 90' lang='lat' dir='ltr'>minus</span> <span class='ocrx_word' id='word_1_13' title='bbox 671 387 727 456; x_wconf 88' lang='lat' dir='ltr'>jem</span> <span class='ocrx_word' id='word_1_14' title='bbox 749 400 847 457; x_wconf 79' lang='lat' dir='ltr'>capere</span> <span class='ocrx_word' id='word_1_15' title='bbox 861 400 911 457; x_wconf 93' lang='lat' dir='ltr'>po·</span> <span class='ocrx_word' id='word_1_16' title='bbox 927 384 1028 451; x_wconf 81' lang='lat' dir='ltr'>Amal,</span> <span class='ocrx_word' id='word_1_17' title='bbox 1053 393 1133 441; x_wconf 82' lang='lat' dir='ltr'>«etc.</span> <span class='ocrx_word' id='word_1_18' title='bbox 1158 382 1311 439; x_wconf 86' lang='lat' dir='ltr'>Debilitatis</span> <span class='ocrx_word' id='word_1_19' title='bbox 1331 383 1530 439; x_wconf 89' lang='lat' dir='ltr'>immunditiam</span> <span class='ocrx_word' id='word_1_20' title='bbox 1553 382 1627 440; x_wconf 87' lang='lat' dir='ltr'>dicit.</span> <span class='ocrx_word' id='word_1_21' title='bbox 1650 383 1678 440; x_wconf 87' lang='lat' dir='ltr'>Si</span> <span class='ocrx_word' id='word_1_22' title='bbox 1701 383 1762 457; x_wconf 86' lang='lat' dir='ltr'>quis</span> 
     </span>
     <span class='ocr_line' id='line_1_3' title="bbox 112 470 1766 546; baseline -0.001 -16"><span class='ocrx_word' id='word_1_23' title='bbox 112 476 185 541; x_wconf 90' lang='lat' dir='ltr'>terit,</span> <span class='ocrx_word' id='word_1_24' title='bbox 203 475 243 532; x_wconf 88' lang='lat' dir='ltr'>sic</span> <span class='ocrx_word' id='word_1_25' title='bbox 267 475 403 530; x_wconf 84' lang='lat' dir='ltr'>minorem</span> <span class='ocrx_word' id='word_1_26' title='bbox 424 474 521 546; x_wconf 87' lang='lat' dir='ltr'>recipit</span> <span class='ocrx_word' id='word_1_27' title='bbox 544 474 709 531; x_wconf 86' lang='lat' dir='ltr'>mercedem.</span> <span class='ocrx_word' id='word_1_28' title='bbox 729 495 740 526; x_wconf 84' lang='grc' dir='ltr'>ι</span> <span class='ocrx_word' id='word_1_29' title='bbox 757 474 785 529; x_wconf 91' lang='lat' dir='ltr'>Si</span> <span class='ocrx_word' id='word_1_30' title='bbox 799 474 916 530; x_wconf 87' lang='lat' dir='ltr'>voluerit</span> <span class='ocrx_word' id='word_1_31' title='bbox 968 474 1143 545; x_wconf 87' lang='lat' dir='ltr'>semetipsum</span> <span class='ocrx_word' id='word_1_32' title='bbox 1166 471 1356 528; x_wconf 73' lang='lat' dir='ltr'>constrinxerit</span> <span class='ocrx_word' id='word_1_33' title='bbox 1375 471 1402 527; x_wconf 91' lang='lat' dir='ltr'>in</span> <span class='ocrx_word' id='word_1_34' title='bbox 1425 471 1514 543; x_wconf 90' lang='lat' dir='ltr'>aliquo</span> <span class='ocrx_word' id='word_1_35' title='bbox 1535 479 1608 538; x_wconf 88' lang='lat' dir='ltr'>voto,</span> <span class='ocrx_word' id='word_1_36' title='bbox 1632 470 1701 527; x_wconf 90' lang='lat' dir='ltr'>sicut</span> <span class='ocrx_word' id='word_1_37' title='bbox 1723 479 1766 529; x_wconf 88' lang='lat' dir='ltr'>est</span> 
     </span>
     <span class='ocr_line' id='line_1_4' title="bbox 114 559 1764 635; baseline -0.001 -17"><span class='ocrx_word' id='word_1_38' title='bbox 114 563 252 620; x_wconf 85' lang='lat' dir='ltr'>redimere</span> <span class='ocrx_word' id='word_1_39' title='bbox 267 578 365 635; x_wconf 87' lang='lat' dir='ltr'>agrum</span> <span class='ocrx_word' id='word_1_40' title='bbox 379 563 425 635; x_wconf 91' lang='lat' dir='ltr'>qni</span> <span class='ocrx_word' id='word_1_41' title='bbox 449 571 571 628; x_wconf 87' lang='lat' dir='ltr'>voverat,</span> <span class='ocrx_word' id='word_1_42' title='bbox 591 583 603 613; x_wconf 73' lang='grc' dir='ltr'>ι</span> <span class='ocrx_word' id='word_1_43' title='bbox 620 571 671 618; x_wconf 85' lang='grc' dir='ltr'>ειε.</span> <span class='ocrx_word' id='word_1_44' title='bbox 688 563 718 617; x_wconf 94' lang='lat' dir='ltr'>ld</span> <span class='ocrx_word' id='word_1_45' title='bbox 732 569 774 618; x_wconf 89' lang='lat' dir='ltr'>est</span> <span class='ocrx_word' id='word_1_46' title='bbox 788 561 811 617; x_wconf 90' lang='lat' dir='ltr'>si</span> <span class='ocrx_word' id='word_1_47' title='bbox 827 562 916 618; x_wconf 90' lang='lat' dir='ltr'>medi·</span> <span class='ocrx_word' id='word_1_48' title='bbox 967 561 1131 633; x_wconf 87' lang='lat' dir='ltr'>virginitatis</span> <span class='ocrx_word' id='word_1_49' title='bbox 1152 561 1307 632; x_wconf 87' lang='lat' dir='ltr'>promissio,</span> <span class='ocrx_word' id='word_1_50' title='bbox 1330 568 1357 615; x_wconf 92' lang='lat' dir='ltr'>et</span> <span class='ocrx_word' id='word_1_51' title='bbox 1379 575 1474 616; x_wconf 90' lang='lat' dir='ltr'>rursus</span> <span class='ocrx_word' id='word_1_52' title='bbox 1496 560 1524 614; x_wconf 92' lang='lat' dir='ltr'>in</span> <span class='ocrx_word' id='word_1_53' title='bbox 1538 559 1629 631; x_wconf 92' lang='lat' dir='ltr'>aliquo</span> <span class='ocrx_word' id='word_1_54' title='bbox 1651 559 1764 617; x_wconf 88' lang='lat' dir='ltr'>vitiosus</span> 
     </span>
     <span class='ocr_line' id='line_1_5' title="bbox 115 648 1764 723; baseline -0.003 -14"><span class='ocrx_word' id='word_1_55' title='bbox 115 653 245 709; x_wconf 90' lang='lat' dir='ltr'>tationem</span> <span class='ocrx_word' id='word_1_56' title='bbox 260 667 337 707; x_wconf 89' lang='lat' dir='ltr'>auam</span> <span class='ocrx_word' id='word_1_57' title='bbox 353 660 382 707; x_wconf 92' lang='lat' dir='ltr'>ut</span> <span class='ocrx_word' id='word_1_58' title='bbox 396 652 573 722; x_wconf 90' lang='lat' dir='ltr'>semetipsum</span> <span class='ocrx_word' id='word_1_59' title='bbox 588 651 615 706; x_wconf 93' lang='lat' dir='ltr'>in</span> <span class='ocrx_word' id='word_1_60' title='bbox 640 651 787 723; x_wconf 90' lang='lat' dir='ltr'>Scriptnris</span> <span class='ocrx_word' id='word_1_61' title='bbox 802 650 918 705; x_wconf 88' lang='lat' dir='ltr'>instruat</span> <span class='ocrx_word' id='word_1_62' title='bbox 967 650 1057 716; x_wconf 87' lang='lat' dir='ltr'>luerit,</span> <span class='ocrx_word' id='word_1_63' title='bbox 1074 650 1101 704; x_wconf 92' lang='lat' dir='ltr'>in</span> <span class='ocrx_word' id='word_1_64' title='bbox 1112 664 1145 705; x_wconf 91' lang='lat' dir='ltr'>eo</span> <span class='ocrx_word' id='word_1_65' title='bbox 1168 648 1240 721; x_wconf 94' lang='lat' dir='ltr'>qnod</span> <span class='ocrx_word' id='word_1_66' title='bbox 1262 665 1295 704; x_wconf 89' lang='lat' dir='ltr'>ex</span> <span class='ocrx_word' id='word_1_67' title='bbox 1321 664 1371 704; x_wconf 91' lang='lat' dir='ltr'>sua</span> <span class='ocrx_word' id='word_1_68' title='bbox 1394 648 1575 720; x_wconf 89' lang='lat' dir='ltr'>promissione</span> <span class='ocrx_word' id='word_1_69' title='bbox 1590 648 1716 715; x_wconf 89' lang='lat' dir='ltr'>servavit,</span> <span class='ocrx_word' id='word_1_70' title='bbox 1728 648 1764 704; x_wconf 91' lang='lat' dir='ltr'>ab</span> 
     </span>
     <span class='ocr_line' id='line_1_6' title="bbox 116 734 1766 811; baseline -0.003 -15"><span class='ocrx_word' id='word_1_71' title='bbox 116 755 247 797; x_wconf 87' lang='lat' dir='ltr'>revocare</span> <span class='ocrx_word' id='word_1_72' title='bbox 268 739 393 806; x_wconf 88' lang='lat' dir='ltr'>voluerit,</span> <span class='ocrx_word' id='word_1_73' title='bbox 412 756 466 796; x_wconf 91' lang='lat' dir='ltr'>non</span> <span class='ocrx_word' id='word_1_74' title='bbox 481 747 510 794; x_wconf 93' lang='lat' dir='ltr'>ut</span> <span class='ocrx_word' id='word_1_75' title='bbox 524 755 633 811; x_wconf 90' lang='lat' dir='ltr'>semper</span> <span class='ocrx_word' id='word_1_76' title='bbox 654 739 767 795; x_wconf 89' lang='lat' dir='ltr'>altemm</span> <span class='ocrx_word' id='word_1_77' title='bbox 792 738 916 808; x_wconf 86' lang='lat' dir='ltr'>audiens,</span> <span class='ocrx_word' id='word_1_78' title='bbox 967 737 1020 793; x_wconf 90' lang='lat' dir='ltr'>alio</span> <span class='ocrx_word' id='word_1_79' title='bbox 1034 753 1089 794; x_wconf 91' lang='lat' dir='ltr'>non</span> <span class='ocrx_word' id='word_1_80' title='bbox 1103 745 1192 808; x_wconf 86' lang='lat' dir='ltr'>polest</span> <span class='ocrx_word' id='word_1_81' title='bbox 1215 737 1273 792; x_wconf 90' lang='lat' dir='ltr'>Deo</span> <span class='ocrx_word' id='word_1_82' title='bbox 1297 734 1405 804; x_wconf 82' lang='lat' dir='ltr'>offerri,·</span> <span class='ocrx_word' id='word_1_83' title='bbox 1420 736 1448 791; x_wconf 91' lang='lat' dir='ltr'>in</span> <span class='ocrx_word' id='word_1_84' title='bbox 1468 735 1522 791; x_wconf 92' lang='lat' dir='ltr'>alio</span> <span class='ocrx_word' id='word_1_85' title='bbox 1545 751 1620 803; x_wconf 90' lang='lat' dir='ltr'>vero,</span> <span class='ocrx_word' id='word_1_86' title='bbox 1643 751 1697 808; x_wconf 96' lang='lat' dir='ltr'>quo</span> <span class='ocrx_word' id='word_1_87' title='bbox 1711 735 1766 791; x_wconf 90' lang='lat' dir='ltr'>mi·</span> 
     </span>
     <span class='ocr_line' id='line_1_7' title="bbox 117 823 1767 902; baseline -0.002 -17"><span class='ocrx_word' id='word_1_88' title='bbox 117 844 254 902; x_wconf 91' lang='lat' dir='ltr'>nunquam</span> <span class='ocrx_word' id='word_1_89' title='bbox 270 829 323 884; x_wconf 91' lang='lat' dir='ltr'>sibi</span> <span class='ocrx_word' id='word_1_90' title='bbox 338 829 390 900; x_wconf 91' lang='lat' dir='ltr'>ipsi</span> <span class='ocrx_word' id='word_1_91' title='bbox 403 828 525 900; x_wconf 86' lang='lat' dir='ltr'>praebeat</span> <span class='ocrx_word' id='word_1_92' title='bbox 540 827 725 894; x_wconf 87' lang='lat' dir='ltr'>relectionem,</span> <span class='ocrx_word' id='word_1_93' title='bbox 748 827 825 897; x_wconf 80' lang='lat' dir='ltr'>juxta</span> <span class='ocrx_word' id='word_1_94' title='bbox 839 825 919 882; x_wconf 91' lang='lat' dir='ltr'>intel·</span> <span class='ocrx_word' id='word_1_95' title='bbox 967 842 1020 881; x_wconf 91' lang='lat' dir='ltr'>nus</span> <span class='ocrx_word' id='word_1_96' title='bbox 1048 825 1197 897; x_wconf 88' lang='lat' dir='ltr'>perlectum</span> <span class='ocrx_word' id='word_1_97' title='bbox 1224 833 1265 881; x_wconf 90' lang='lat' dir='ltr'>est</span> <span class='ocrx_word' id='word_1_98' title='bbox 1294 825 1400 893; x_wconf 88' lang='lat' dir='ltr'>redimi,</span> <span class='ocrx_word' id='word_1_99' title='bbox 1426 824 1500 894; x_wconf 82' lang='lat' dir='ltr'>juxta</span> <span class='ocrx_word' id='word_1_100' title='bbox 1519 823 1767 881; x_wconf 77' lang='lat' dir='ltr'>considerationem</span> 
     </span>
     <span class='ocr_line' id='line_1_8' title="bbox 115 912 1765 988; baseline -0.002 -15"><span class='ocrx_word' id='word_1_101' title='bbox 115 917 218 974; x_wconf 90' lang='lat' dir='ltr'>lectum</span> <span class='ocrx_word' id='word_1_102' title='bbox 231 917 352 973; x_wconf 88' lang='lat' dir='ltr'>veritatis</span> <span class='ocrx_word' id='word_1_103' title='bbox 375 932 436 972; x_wconf 89' lang='lat' dir='ltr'>eam</span> <span class='ocrx_word' id='word_1_104' title='bbox 461 916 602 988; x_wconf 88' lang='lat' dir='ltr'>percipiat,</span> <span class='ocrx_word' id='word_1_105' title='bbox 626 924 655 971; x_wconf 93' lang='grc' dir='ltr'>ιιι</span> <span class='ocrx_word' id='word_1_106' title='bbox 669 916 728 986; x_wconf 85' lang='lat' dir='ltr'>ejus</span> <span class='ocrx_word' id='word_1_107' title='bbox 745 914 861 972; x_wconf 83' lang='lat' dir='ltr'>fructum</span> <span class='ocrx_word' id='word_1_108' title='bbox 875 930 919 971; x_wconf 91' lang='lat' dir='ltr'>re·</span> <span class='ocrx_word' id='word_1_109' title='bbox 968 914 1138 970; x_wconf 77' lang='lat' dir='ltr'>necessitatis</span> <span class='ocrx_word' id='word_1_110' title='bbox 1163 929 1232 985; x_wconf 94' lang='lat' dir='ltr'>opus</span> <span class='ocrx_word' id='word_1_111' title='bbox 1267 913 1358 969; x_wconf 89' lang='lat' dir='ltr'>habet.</span> <span class='ocrx_word' id='word_1_112' title='bbox 1390 912 1449 969; x_wconf 81' lang='lat' dir='ltr'>«Si</span> <span class='ocrx_word' id='word_1_113' title='bbox 1474 912 1612 968; x_wconf 90' lang='lat' dir='ltr'>redimere</span> <span class='ocrx_word' id='word_1_114' title='bbox 1639 912 1765 981; x_wconf 89' lang='lat' dir='ltr'>uoluerit,</span> 
     </span>
     <span class='ocr_line' id='line_1_9' title="bbox 117 1000 1767 1078; baseline -0.003 -15"><span class='ocrx_word' id='word_1_115' title='bbox 117 1013 277 1078; x_wconf 86' lang='lat' dir='ltr'>compenset</span> <span class='ocrx_word' id='word_1_116' title='bbox 300 1005 417 1061; x_wconf 91' lang='lat' dir='ltr'>Domino</span> <span class='ocrx_word' id='word_1_117' title='bbox 431 1005 475 1061; x_wconf 92' lang='lat' dir='ltr'>cui</span> <span class='ocrx_word' id='word_1_118' title='bbox 487 1004 564 1060; x_wconf 92' lang='lat' dir='ltr'>illam</span> <span class='ocrx_word' id='word_1_119' title='bbox 589 1004 724 1076; x_wconf 88' lang='lat' dir='ltr'>promisit,</span> <span class='ocrx_word' id='word_1_120' title='bbox 755 1012 781 1059; x_wconf 92' lang='lat' dir='ltr'>et</span> <span class='ocrx_word' id='word_1_121' title='bbox 796 1004 848 1058; x_wconf 92' lang='lat' dir='ltr'>sihi</span> <span class='ocrx_word' id='word_1_122' title='bbox 863 1002 920 1059; x_wconf 88' lang='lat' dir='ltr'>lru-</span> <span class='ocrx_word' id='word_1_123' title='bbox 967 1004 1100 1060; x_wconf 90' lang='lat' dir='ltr'>vendctur</span> <span class='ocrx_word' id='word_1_124' title='bbox 1113 1001 1201 1058; x_wconf 90' lang='lat' dir='ltr'>alteri.</span> <span class='ocrx_word' id='word_1_125' title='bbox 1220 1021 1232 1052; x_wconf 77' lang='grc' dir='ltr'>ι</span> <span class='ocrx_word' id='word_1_126' title='bbox 1248 1000 1277 1057; x_wconf 91' lang='lat' dir='ltr'>Si</span> <span class='ocrx_word' id='word_1_127' title='bbox 1292 1018 1363 1056; x_wconf 89' lang='lat' dir='ltr'>unus</span> <span class='ocrx_word' id='word_1_128' title='bbox 1379 1017 1442 1058; x_wconf 90' lang='lat' dir='ltr'>eum</span> <span class='ocrx_word' id='word_1_129' title='bbox 1457 1017 1512 1057; x_wconf 93' lang='lat' dir='ltr'>non</span> <span class='ocrx_word' id='word_1_130' title='bbox 1527 1000 1681 1069; x_wconf 82' lang='lat' dir='ltr'>redemerit,</span> <span class='ocrx_word' id='word_1_131' title='bbox 1696 1001 1767 1058; x_wconf 87' lang='lat' dir='ltr'>alius</span> 
     </span>
     <span class='ocr_line' id='line_1_10' title="bbox 117 1088 1767 1162; baseline -0.002 -12"><span class='ocrx_word' id='word_1_132' title='bbox 117 1102 191 1151; x_wconf 89' lang='lat' dir='ltr'>ctum</span> <span class='ocrx_word' id='word_1_133' title='bbox 206 1094 269 1151; x_wconf 88' lang='lat' dir='ltr'>inde</span> <span class='ocrx_word' id='word_1_134' title='bbox 291 1093 442 1149; x_wconf 87' lang='lat' dir='ltr'>dulcedinis</span> <span class='ocrx_word' id='word_1_135' title='bbox 457 1100 549 1150; x_wconf 90' lang='lat' dir='ltr'>metat.</span> <span class='ocrx_word' id='word_1_136' title='bbox 568 1115 579 1144; x_wconf 77' lang='lat' dir='ltr'>s</span> <span class='ocrx_word' id='word_1_137' title='bbox 598 1093 626 1149; x_wconf 92' lang='lat' dir='ltr'>Si</span> <span class='ocrx_word' id='word_1_138' title='bbox 641 1101 730 1148; x_wconf 88' lang='lat' dir='ltr'>autern</span> <span class='ocrx_word' id='word_1_139' title='bbox 744 1091 860 1148; x_wconf 90' lang='lat' dir='ltr'>noluerit</span> <span class='ocrx_word' id='word_1_140' title='bbox 874 1108 919 1149; x_wconf 90' lang='lat' dir='ltr'>re·</span> <span class='ocrx_word' id='word_1_141' title='bbox 969 1107 1032 1147; x_wconf 91' lang='lat' dir='ltr'>eum</span> <span class='ocrx_word' id='word_1_142' title='bbox 1053 1106 1103 1146; x_wconf 91' lang='lat' dir='ltr'>suo</span> <span class='ocrx_word' id='word_1_143' title='bbox 1126 1090 1216 1146; x_wconf 90' lang='lat' dir='ltr'>studio</span> <span class='ocrx_word' id='word_1_144' title='bbox 1241 1090 1341 1162; x_wconf 88' lang='lat' dir='ltr'>poterit</span> <span class='ocrx_word' id='word_1_145' title='bbox 1365 1097 1528 1146; x_wconf 88' lang='lat' dir='ltr'>restaurare.</span> <span class='ocrx_word' id='word_1_146' title='bbox 1555 1089 1671 1146; x_wconf 83' lang='lat' dir='ltr'>«Omne</span> <span class='ocrx_word' id='word_1_147' title='bbox 1693 1088 1767 1162; x_wconf 91' lang='lat' dir='ltr'>quod</span> 
     </span>
     <span class='ocr_line' id='line_1_11' title="bbox 118 1177 1767 1252; baseline -0.003 -12"><span class='ocrx_word' id='word_1_148' title='bbox 118 1184 233 1252; x_wconf 89' lang='lat' dir='ltr'>dimere,</span> <span class='ocrx_word' id='word_1_149' title='bbox 259 1182 308 1238; x_wconf 87' lang='lat' dir='ltr'>sed</span> <span class='ocrx_word' id='word_1_150' title='bbox 336 1182 428 1238; x_wconf 90' lang='lat' dir='ltr'>alteris</span> <span class='ocrx_word' id='word_1_151' title='bbox 456 1182 581 1238; x_wconf 91' lang='lat' dir='ltr'>civilibus</span> <span class='ocrx_word' id='word_1_152' title='bbox 603 1181 684 1239; x_wconf 84' lang='lat' dir='ltr'>luerit</span> <span class='ocrx_word' id='word_1_153' title='bbox 705 1180 915 1248; x_wconf 69' lang='lat' dir='ltr'>venundatus»</span> <span class='ocrx_word' id='word_1_154' title='bbox 969 1178 1086 1234; x_wconf 90' lang='lat' dir='ltr'>Domino</span> <span class='ocrx_word' id='word_1_155' title='bbox 1099 1186 1282 1245; x_wconf 90' lang='lat' dir='ltr'>consecratur,</span> <span class='ocrx_word' id='word_1_156' title='bbox 1306 1178 1364 1234; x_wconf 89' lang='lat' dir='ltr'>sive</span> <span class='ocrx_word' id='word_1_157' title='bbox 1388 1178 1481 1245; x_wconf 91' lang='lat' dir='ltr'>homo,</span> <span class='ocrx_word' id='word_1_158' title='bbox 1500 1198 1512 1229; x_wconf 79' lang='grc' dir='ltr'>ι</span> <span class='ocrx_word' id='word_1_159' title='bbox 1528 1184 1593 1247; x_wconf 86' lang='grc' dir='ltr'>ειε.,</span> <span class='ocrx_word' id='word_1_160' title='bbox 1609 1177 1667 1235; x_wconf 88' lang='lat' dir='ltr'>sive</span> <span class='ocrx_word' id='word_1_161' title='bbox 1682 1177 1767 1235; x_wconf 89' lang='lat' dir='ltr'>ratio·</span> 
     </span>
     <span class='ocr_line' id='line_1_12' title="bbox 116 1266 1767 1342; baseline -0.003 -13"><span class='ocrx_word' id='word_1_162' title='bbox 116 1280 168 1329; x_wconf 89' lang='lat' dir='ltr'>etc.</span> <span class='ocrx_word' id='word_1_163' title='bbox 197 1272 225 1327; x_wconf 89' lang='lat' dir='ltr'>Si</span> <span class='ocrx_word' id='word_1_164' title='bbox 245 1271 446 1328; x_wconf 77' lang='lat' dir='ltr'>meditationem</span> <span class='ocrx_word' id='word_1_165' title='bbox 471 1287 558 1336; x_wconf 87' lang='lat' dir='ltr'>suam,</span> <span class='ocrx_word' id='word_1_166' title='bbox 583 1277 613 1326; x_wconf 92' lang='lat' dir='ltr'>ut</span> <span class='ocrx_word' id='word_1_167' title='bbox 637 1286 688 1342; x_wconf 91' lang='grc' dir='ltr'>ρει</span> <span class='ocrx_word' id='word_1_168' title='bbox 707 1285 737 1325; x_wconf 89' lang='lat' dir='ltr'>se</span> <span class='ocrx_word' id='word_1_169' title='bbox 750 1269 824 1341; x_wconf 87' lang='lat' dir='ltr'>legat</span> <span class='ocrx_word' id='word_1_170' title='bbox 838 1277 865 1325; x_wconf 90' lang='lat' dir='ltr'>et</span> <span class='ocrx_word' id='word_1_171' title='bbox 878 1269 919 1324; x_wconf 89' lang='lat' dir='ltr'>in·</span> <span class='ocrx_word' id='word_1_172' title='bbox 968 1267 1040 1323; x_wconf 90' lang='lat' dir='ltr'>nalis</span> <span class='ocrx_word' id='word_1_173' title='bbox 1056 1274 1083 1323; x_wconf 92' lang='grc' dir='ltr'>ει</span> <span class='ocrx_word' id='word_1_174' title='bbox 1098 1266 1218 1338; x_wconf 91' lang='lat' dir='ltr'>sapiens,</span> <span class='ocrx_word' id='word_1_175' title='bbox 1240 1268 1298 1323; x_wconf 89' lang='lat' dir='ltr'>sive</span> <span class='ocrx_word' id='word_1_176' title='bbox 1319 1266 1466 1337; x_wconf 84' lang='lat' dir='ltr'>subjectus,</span> <span class='ocrx_word' id='word_1_177' title='bbox 1481 1266 1541 1324; x_wconf 88' lang='lat' dir='ltr'>sive</span> <span class='ocrx_word' id='word_1_178' title='bbox 1555 1266 1695 1324; x_wconf 87' lang='lat' dir='ltr'>meditatio</span> <span class='ocrx_word' id='word_1_179' title='bbox 1708 1267 1767 1324; x_wconf 91' lang='lat' dir='ltr'>Do·</span> 
     </span>
     <span class='ocr_line' id='line_1_13' title="bbox 116 1353 1766 1434; baseline -0.003 -17"><span class='ocrx_word' id='word_1_180' title='bbox 116 1360 233 1434; x_wconf 90' lang='lat' dir='ltr'>telligat,</span> <span class='ocrx_word' id='word_1_181' title='bbox 249 1360 283 1416; x_wconf 91' lang='lat' dir='ltr'>ad</span> <span class='ocrx_word' id='word_1_182' title='bbox 297 1376 328 1416; x_wconf 90' lang='grc' dir='ltr'>εε</span> <span class='ocrx_word' id='word_1_183' title='bbox 353 1360 484 1416; x_wconf 89' lang='lat' dir='ltr'>reducere</span> <span class='ocrx_word' id='word_1_184' title='bbox 506 1359 664 1427; x_wconf 88' lang='lat' dir='ltr'>tardaverit,</span> <span class='ocrx_word' id='word_1_185' title='bbox 682 1357 796 1414; x_wconf 91' lang='lat' dir='ltr'>etalteri</span> <span class='ocrx_word' id='word_1_186' title='bbox 810 1374 921 1430; x_wconf 88' lang='lat' dir='ltr'>semper</span> <span class='ocrx_word' id='word_1_187' title='bbox 968 1356 1043 1412; x_wconf 91' lang='lat' dir='ltr'>mino</span> <span class='ocrx_word' id='word_1_188' title='bbox 1059 1353 1201 1412; x_wconf 82' lang='lat' dir='ltr'>offerenda</span> <span class='ocrx_word' id='word_1_189' title='bbox 1221 1363 1407 1421; x_wconf 86' lang='lat' dir='ltr'>consecratur,</span> <span class='ocrx_word' id='word_1_190' title='bbox 1431 1370 1486 1410; x_wconf 90' lang='lat' dir='ltr'>non</span> <span class='ocrx_word' id='word_1_191' title='bbox 1508 1363 1688 1412; x_wconf 90' lang='lat' dir='ltr'>commutetur</span> <span class='ocrx_word' id='word_1_192' title='bbox 1702 1354 1766 1425; x_wconf 88' lang='lat' dir='ltr'>alio,</span> 
     </span>
     <span class='ocr_line' id='line_1_14' title="bbox 118 1443 1769 1520; baseline -0.002 -15"><span class='ocrx_word' id='word_1_193' title='bbox 118 1449 197 1506; x_wconf 89' lang='lat' dir='ltr'>inniti</span> <span class='ocrx_word' id='word_1_194' title='bbox 220 1448 347 1518; x_wconf 88' lang='lat' dir='ltr'>voluerit,</span> <span class='ocrx_word' id='word_1_195' title='bbox 372 1456 463 1520; x_wconf 88' lang='lat' dir='ltr'>potest</span> <span class='ocrx_word' id='word_1_196' title='bbox 485 1447 645 1520; x_wconf 90' lang='lat' dir='ltr'>contingere</span> <span class='ocrx_word' id='word_1_197' title='bbox 668 1455 696 1502; x_wconf 92' lang='lat' dir='ltr'>ut</span> <span class='ocrx_word' id='word_1_198' title='bbox 710 1446 749 1502; x_wconf 95' lang='lat' dir='ltr'>illi</span> <span class='ocrx_word' id='word_1_199' title='bbox 770 1446 918 1514; x_wconf 85' lang='lat' dir='ltr'>adhaereat,</span> <span class='ocrx_word' id='word_1_200' title='bbox 969 1453 1098 1516; x_wconf 89' lang='lat' dir='ltr'>utsupra</span> <span class='ocrx_word' id='word_1_201' title='bbox 1118 1445 1221 1501; x_wconf 90' lang='lat' dir='ltr'>dictum</span> <span class='ocrx_word' id='word_1_202' title='bbox 1244 1452 1302 1513; x_wconf 87' lang='lat' dir='ltr'>est;</span> <span class='ocrx_word' id='word_1_203' title='bbox 1319 1465 1331 1496; x_wconf 86' lang='grc' dir='ltr'>ι</span> <span class='ocrx_word' id='word_1_204' title='bbox 1348 1459 1400 1501; x_wconf 92' lang='lat' dir='ltr'>nec</span> <span class='ocrx_word' id='word_1_205' title='bbox 1414 1443 1512 1500; x_wconf 91' lang='lat' dir='ltr'>redimi</span> <span class='ocrx_word' id='word_1_206' title='bbox 1532 1444 1638 1516; x_wconf 92' lang='lat' dir='ltr'>poterit,</span> <span class='ocrx_word' id='word_1_207' title='bbox 1657 1464 1668 1495; x_wconf 81' lang='grc' dir='ltr'>ι</span> <span class='ocrx_word' id='word_1_208' title='bbox 1685 1443 1769 1502; x_wconf 85' lang='lat' dir='ltr'>idest</span> 
     </span>
     <span class='ocr_line' id='line_1_15' title="bbox 115 1531 1769 1609; baseline -0.002 -15"><span class='ocrx_word' id='word_1_209' title='bbox 115 1537 151 1594; x_wconf 90' lang='lat' dir='ltr'>de</span> <span class='ocrx_word' id='word_1_210' title='bbox 166 1553 222 1609; x_wconf 93' lang='lat' dir='ltr'>quo</span> <span class='ocrx_word' id='word_1_211' title='bbox 237 1552 354 1594; x_wconf 89' lang='lat' dir='ltr'>errorem</span> <span class='ocrx_word' id='word_1_212' title='bbox 369 1537 468 1608; x_wconf 90' lang='lat' dir='ltr'>capiat,</span> <span class='ocrx_word' id='word_1_213' title='bbox 493 1537 566 1592; x_wconf 88' lang='lat' dir='ltr'>ande</span> <span class='ocrx_word' id='word_1_214' title='bbox 590 1552 646 1592; x_wconf 89' lang='lat' dir='ltr'>non</span> <span class='ocrx_word' id='word_1_215' title='bbox 660 1534 740 1592; x_wconf 82' lang='lat' dir='ltr'>tacite</span> <span class='ocrx_word' id='word_1_216' title='bbox 759 1535 918 1592; x_wconf 88' lang='lat' dir='ltr'>redimatur.</span> <span class='ocrx_word' id='word_1_217' title='bbox 970 1534 1180 1591; x_wconf 89' lang='lat' dir='ltr'>commutatione</span> <span class='ocrx_word' id='word_1_218' title='bbox 1188 1533 1311 1590; x_wconf 88' lang='lat' dir='ltr'>alterius.</span> <span class='ocrx_word' id='word_1_219' title='bbox 1325 1534 1434 1589; x_wconf 81' lang='lat' dir='ltr'>«Morte</span> <span class='ocrx_word' id='word_1_220' title='bbox 1449 1533 1613 1590; x_wconf 77' lang='lat' dir='ltr'>moriatur.»</span> <span class='ocrx_word' id='word_1_221' title='bbox 1630 1531 1769 1607; x_wconf 88' lang='lat' dir='ltr'>Quidquid</span> 
     </span>
     <span class='ocr_line' id='line_1_16' title="bbox 122 1622 1769 1703; baseline 0.004 -25"><span class='ocrx_word' id='word_1_222' title='bbox 122 1647 133 1678; x_wconf 76' lang='lat' dir='ltr'>s</span> <span class='ocrx_word' id='word_1_223' title='bbox 147 1623 218 1695; x_wconf 84' lang='lat' dir='ltr'>Quia</span> <span class='ocrx_word' id='word_1_224' title='bbox 232 1640 295 1682; x_wconf 93' lang='lat' dir='ltr'>cum</span> <span class='ocrx_word' id='word_1_225' title='bbox 307 1624 409 1696; x_wconf 78' lang='lat' dir='ltr'>Juhilaei</span> <span class='ocrx_word' id='word_1_226' title='bbox 420 1625 526 1682; x_wconf 88' lang='lat' dir='ltr'>venerit</span> <span class='ocrx_word' id='word_1_227' title='bbox 533 1624 603 1695; x_wconf 85' lang='lat' dir='ltr'>dies,</span> <span class='ocrx_word' id='word_1_228' title='bbox 615 1622 796 1681; x_wconf 82' lang='lat' dir='ltr'>sanctificatus</span> <span class='ocrx_word' id='word_1_229' title='bbox 804 1624 856 1679; x_wconf 91' lang='lat' dir='ltr'>erit</span> <span class='ocrx_word' id='word_1_230' title='bbox 865 1625 921 1680; x_wconf 92' lang='lat' dir='ltr'>Do·</span> <span class='ocrx_word' id='word_1_231' title='bbox 970 1630 1087 1687; x_wconf 88' lang='lat' dir='ltr'>Domino</span> <span class='ocrx_word' id='word_1_232' title='bbox 1101 1629 1264 1703; x_wconf 90' lang='lat' dir='ltr'>promittitur</span> <span class='ocrx_word' id='word_1_233' title='bbox 1277 1628 1353 1685; x_wconf 93' lang='lat' dir='ltr'>nullo</span> <span class='ocrx_word' id='word_1_234' title='bbox 1367 1629 1450 1685; x_wconf 90' lang='lat' dir='ltr'>modo</span> <span class='ocrx_word' id='word_1_235' title='bbox 1470 1629 1701 1701; x_wconf 85' lang='lat' dir='ltr'>praetermittatur,</span> <span class='ocrx_word' id='word_1_236' title='bbox 1718 1628 1769 1686; x_wconf 89' lang='lat' dir='ltr'>sed</span> 
     </span>
     <span class='ocr_line' id='line_1_17' title="bbox 118 1712 1770 1803; baseline 0.004 -35"><span class='ocrx_word' id='word_1_237' title='bbox 118 1713 194 1770; x_wconf 91' lang='lat' dir='ltr'>mino</span> <span class='ocrx_word' id='word_1_238' title='bbox 206 1735 231 1784; x_wconf 79' lang='grc' dir='ltr'>,ι</span> <span class='ocrx_word' id='word_1_239' title='bbox 240 1721 291 1770; x_wconf 87' lang='grc' dir='ltr'>ειε.</span> <span class='ocrx_word' id='word_1_240' title='bbox 306 1714 373 1770; x_wconf 85' lang='lat' dir='ltr'>Cum</span> <span class='ocrx_word' id='word_1_241' title='bbox 384 1713 456 1770; x_wconf 91' lang='lat' dir='ltr'>euim</span> <span class='ocrx_word' id='word_1_242' title='bbox 465 1712 570 1770; x_wconf 82' lang='lat' dir='ltr'>venerit</span> <span class='ocrx_word' id='word_1_243' title='bbox 578 1712 637 1768; x_wconf 86' lang='lat' dir='ltr'>dies</span> <span class='ocrx_word' id='word_1_244' title='bbox 652 1712 847 1779; x_wconf 79' lang='lat' dir='ltr'>retributionis,</span> <span class='ocrx_word' id='word_1_245' title='bbox 860 1732 871 1763; x_wconf 76' lang='grc' dir='ltr'>ι</span> <span class='ocrx_word' id='word_1_246' title='bbox 884 1712 919 1768; x_wconf 77' lang='lat' dir='ltr'>td</span> <span class='ocrx_word' id='word_1_247' title='bbox 933 1736 1058 1803; x_wconf 82' lang='lat' dir='ltr'>Busque</span> <span class='ocrx_word' id='word_1_248' title='bbox 1073 1719 1108 1774; x_wconf 88' lang='lat' dir='ltr'>ad</span> <span class='ocrx_word' id='word_1_249' title='bbox 1131 1726 1247 1774; x_wconf 89' lang='lat' dir='ltr'>mortem</span> <span class='ocrx_word' id='word_1_250' title='bbox 1269 1726 1401 1774; x_wconf 90' lang='lat' dir='ltr'>servetur.</span> <span class='ocrx_word' id='word_1_251' title='bbox 1427 1717 1498 1774; x_wconf 91' lang='lat' dir='ltr'>Dicit</span> <span class='ocrx_word' id='word_1_252' title='bbox 1519 1717 1602 1773; x_wconf 89' lang='lat' dir='ltr'>etiarn</span> <span class='ocrx_word' id='word_1_253' title='bbox 1622 1716 1770 1789; x_wconf 76' lang='lat' dir='ltr'>Apostolus</span> 
     </span>
     <span class='ocr_line' id='line_1_18' title="bbox 117 1796 1771 1875; baseline 0 -17"><span class='ocrx_word' id='word_1_254' title='bbox 117 1803 164 1873; x_wconf 82' lang='lat' dir='ltr'>jus</span> <span class='ocrx_word' id='word_1_255' title='bbox 178 1803 295 1875; x_wconf 92' lang='lat' dir='ltr'>pertinet</span> <span class='ocrx_word' id='word_1_256' title='bbox 318 1802 478 1871; x_wconf 91' lang='lat' dir='ltr'>sacerdotis,</span> <span class='ocrx_word' id='word_1_257' title='bbox 497 1823 509 1853; x_wconf 78' lang='grc' dir='ltr'>ι</span> <span class='ocrx_word' id='word_1_258' title='bbox 527 1801 590 1874; x_wconf 89' lang='lat' dir='ltr'>quia</span> <span class='ocrx_word' id='word_1_259' title='bbox 606 1796 631 1857; x_wconf 77' lang='lat' dir='ltr'>ei</span> <span class='ocrx_word' id='word_1_260' title='bbox 644 1817 693 1872; x_wconf 91' lang='lat' dir='ltr'>per</span> <span class='ocrx_word' id='word_1_261' title='bbox 708 1816 788 1873; x_wconf 92' lang='lat' dir='ltr'>quern</span> <span class='ocrx_word' id='word_1_262' title='bbox 802 1799 918 1857; x_wconf 92' lang='lat' dir='ltr'>Domino</span> <span class='ocrx_word' id='word_1_263' title='bbox 971 1808 1005 1864; x_wconf 91' lang='lat' dir='ltr'>de</span> <span class='ocrx_word' id='word_1_264' title='bbox 1019 1806 1145 1863; x_wconf 87' lang='lat' dir='ltr'>fidelihus</span> <span class='ocrx_word' id='word_1_265' title='bbox 1167 1807 1275 1862; x_wconf 90' lang='lat' dir='ltr'>Domini</span> <span class='ocrx_word' id='word_1_266' title='bbox 1291 1824 1298 1860; x_wconf 90' lang='lat'>:</span> <span class='ocrx_word' id='word_1_267' title='bbox 1316 1828 1328 1856; x_wconf 76' lang='grc' dir='ltr'>ι</span> <span class='ocrx_word' id='word_1_268' title='bbox 1346 1806 1462 1862; x_wconf 80' lang='lat' dir='ltr'>Carnem</span> <span class='ocrx_word' id='word_1_269' title='bbox 1483 1821 1560 1861; x_wconf 89' lang='lat' dir='ltr'>suam</span> <span class='ocrx_word' id='word_1_270' title='bbox 1580 1803 1771 1862; x_wconf 85' lang='lat' dir='ltr'>crucifixemnt</span> 
     </span>
     <span class='ocr_line' id='line_1_19' title="bbox 120 1889 1772 1967; baseline 0 -18"><span class='ocrx_word' id='word_1_271' title='bbox 120 1892 229 1949; x_wconf 88' lang='lat' dir='ltr'>oblatus</span> <span class='ocrx_word' id='word_1_272' title='bbox 251 1900 292 1948; x_wconf 90' lang='lat' dir='ltr'>est</span> <span class='ocrx_word' id='word_1_273' title='bbox 315 1907 422 1948; x_wconf 90' lang='lat' dir='ltr'>merces</span> <span class='ocrx_word' id='word_1_274' title='bbox 443 1897 527 1947; x_wconf 90' lang='lat' dir='ltr'>restat</span> <span class='ocrx_word' id='word_1_275' title='bbox 547 1889 659 1956; x_wconf 91' lang='lat' dir='ltr'>laboris,</span> <span class='ocrx_word' id='word_1_276' title='bbox 675 1890 738 1946; x_wconf 89' lang='lat' dir='ltr'>licet</span> <span class='ocrx_word' id='word_1_277' title='bbox 752 1889 811 1961; x_wconf 90' lang='lat' dir='ltr'>ipse</span> <span class='ocrx_word' id='word_1_278' title='bbox 824 1899 921 1962; x_wconf 85' lang='lat' dir='ltr'>postea</span> <span class='ocrx_word' id='word_1_279' title='bbox 971 1912 1033 1953; x_wconf 91' lang='lat' dir='ltr'>cum</span> <span class='ocrx_word' id='word_1_280' title='bbox 1052 1895 1123 1951; x_wconf 85' lang='lat' dir='ltr'>vitiis</span> <span class='ocrx_word' id='word_1_281' title='bbox 1138 1901 1164 1951; x_wconf 89' lang='lat' dir='ltr'>et</span> <span class='ocrx_word' id='word_1_282' title='bbox 1178 1894 1405 1967; x_wconf 84' lang='lat' dir='ltr'>concupiscentiis</span> <span class='ocrx_word' id='word_1_283' title='bbox 1420 1894 1494 1965; x_wconf 87' lang='lat' dir='ltr'>(Gal.</span> <span class='ocrx_word' id='word_1_284' title='bbox 1510 1894 1550 1965; x_wconf 89' lang='lat' dir='ltr'>v).</span> <span class='ocrx_word' id='word_1_285' title='bbox 1562 1915 1574 1945; x_wconf 76' lang='lat' dir='ltr'>r</span> <span class='ocrx_word' id='word_1_286' title='bbox 1586 1916 1598 1945; x_wconf 81' lang='grc' dir='ltr'>ι</span> <span class='ocrx_word' id='word_1_287' title='bbox 1611 1892 1714 1950; x_wconf 91' lang='lat' dir='ltr'>Omnes</span> <span class='ocrx_word' id='word_1_288' title='bbox 1723 1893 1772 1952; x_wconf 92' lang='lat' dir='ltr'>de-</span> 
     </span>
     <span class='ocr_line' id='line_1_20' title="bbox 119 1977 1771 2053; baseline 0.002 -17"><span class='ocrx_word' id='word_1_289' title='bbox 119 1979 242 2053; x_wconf 90' lang='lat' dir='ltr'>perierit.</span> <span class='ocrx_word' id='word_1_290' title='bbox 263 1980 324 2051; x_wconf 91' lang='lat' dir='ltr'>lpse</span> <span class='ocrx_word' id='word_1_291' title='bbox 343 1980 416 2035; x_wconf 88' lang='lat' dir='ltr'>enim</span> <span class='ocrx_word' id='word_1_292' title='bbox 429 1979 477 2051; x_wconf 92' lang='lat' dir='ltr'>qui</span> <span class='ocrx_word' id='word_1_293' title='bbox 491 1979 564 2035; x_wconf 87' lang='lat' dir='ltr'>vovit</span> <span class='ocrx_word' id='word_1_294' title='bbox 587 1978 715 2035; x_wconf 85' lang='lat' dir='ltr'>sacerdos</span> <span class='ocrx_word' id='word_1_295' title='bbox 728 1978 778 2033; x_wconf 92' lang='lat' dir='ltr'>Dei</span> <span class='ocrx_word' id='word_1_296' title='bbox 793 1985 843 2033; x_wconf 89' lang='lat' dir='ltr'>est.</span> <span class='ocrx_word' id='word_1_297' title='bbox 863 2000 874 2029; x_wconf 81' lang='grc' dir='ltr'>ι</span> <span class='ocrx_word' id='word_1_298' title='bbox 892 1977 920 2034; x_wconf 90' lang='lat' dir='ltr'>Si</span> <span class='ocrx_word' id='word_1_299' title='bbox 972 1983 1050 2040; x_wconf 81' lang='lat' dir='ltr'>cimae</span> <span class='ocrx_word' id='word_1_300' title='bbox 1071 1990 1160 2053; x_wconf 82' lang='lat' dir='ltr'>terrae,</span> <span class='ocrx_word' id='word_1_301' title='bbox 1180 2003 1191 2033; x_wconf 79' lang='grc' dir='ltr'>ι</span> <span class='ocrx_word' id='word_1_302' title='bbox 1210 1991 1274 2051; x_wconf 89' lang='grc' dir='ltr'>ειε.,</span> <span class='ocrx_word' id='word_1_303' title='bbox 1287 1982 1316 2037; x_wconf 90' lang='lat' dir='ltr'>id</span> <span class='ocrx_word' id='word_1_304' title='bbox 1329 1990 1380 2050; x_wconf 90' lang='lat' dir='ltr'>est,</span> <span class='ocrx_word' id='word_1_305' title='bbox 1406 1982 1525 2037; x_wconf 91' lang='lat' dir='ltr'>omnium</span> <span class='ocrx_word' id='word_1_306' title='bbox 1540 1997 1655 2052; x_wconf 91' lang='lat' dir='ltr'>opernm</span> <span class='ocrx_word' id='word_1_307' title='bbox 1676 1980 1771 2053; x_wconf 84' lang='lat' dir='ltr'>perfe-</span> 
     </span>
     <span class='ocr_line' id='line_1_21' title="bbox 117 2067 1772 2143; baseline 0.006 -27"><span class='ocrx_word' id='word_1_308' title='bbox 117 2084 187 2143; x_wconf 80' lang='lat' dir='ltr'>sgor</span> <span class='ocrx_word' id='word_1_309' title='bbox 200 2076 307 2141; x_wconf 79' lang='lat' dir='ltr'>emptus</span> <span class='ocrx_word' id='word_1_310' title='bbox 322 2075 350 2124; x_wconf 83' lang='lat' dir='ltr'>ot</span> <span class='ocrx_word' id='word_1_311' title='bbox 364 2083 419 2123; x_wconf 88' lang='lat' dir='ltr'>non</span> <span class='ocrx_word' id='word_1_312' title='bbox 434 2067 469 2124; x_wconf 82' lang='lat' dir='ltr'>do</span> <span class='ocrx_word' id='word_1_313' title='bbox 483 2067 658 2140; x_wconf 77' lang='lat' dir='ltr'>possessione</span> <span class='ocrx_word' id='word_1_314' title='bbox 672 2067 816 2136; x_wconf 84' lang='lat' dir='ltr'>majorum,</span> <span class='ocrx_word' id='word_1_315' title='bbox 836 2086 848 2116; x_wconf 84' lang='lat'><strong>»</strong></span> <span class='ocrx_word' id='word_1_316' title='bbox 865 2073 918 2122; x_wconf 88' lang='lat' dir='ltr'>etc.</span> <span class='ocrx_word' id='word_1_317' title='bbox 971 2071 1025 2129; x_wconf 90' lang='lat' dir='ltr'>ctio</span> <span class='ocrx_word' id='word_1_318' title='bbox 1040 2072 1156 2128; x_wconf 87' lang='lat' dir='ltr'>Domino</span> <span class='ocrx_word' id='word_1_319' title='bbox 1171 2080 1353 2128; x_wconf 90' lang='lat' dir='ltr'>consecretur.</span> <span class='ocrx_word' id='word_1_320' title='bbox 1366 2092 1378 2122; x_wconf 79' lang='lat' dir='ltr'>r</span> <span class='ocrx_word' id='word_1_321' title='bbox 1392 2070 1420 2127; x_wconf 88' lang='lat' dir='ltr'>si</span> <span class='ocrx_word' id='word_1_322' title='bbox 1431 2071 1491 2141; x_wconf 91' lang='lat' dir='ltr'>quis</span> <span class='ocrx_word' id='word_1_323' title='bbox 1505 2069 1642 2127; x_wconf 90' lang='lat' dir='ltr'>redimere</span> <span class='ocrx_word' id='word_1_324' title='bbox 1656 2069 1772 2127; x_wconf 83' lang='lat' dir='ltr'>volucrit</span> 
     </span>
     <span class='ocr_line' id='line_1_22' title="bbox 118 2153 1772 2230; baseline 0 -17"><span class='ocrx_word' id='word_1_325' title='bbox 118 2157 150 2213; x_wconf 89' lang='lat' dir='ltr'>ld</span> <span class='ocrx_word' id='word_1_326' title='bbox 167 2162 219 2223; x_wconf 89' lang='lat' dir='ltr'>est,</span> <span class='ocrx_word' id='word_1_327' title='bbox 243 2156 265 2212; x_wconf 92' lang='lat' dir='ltr'>si</span> <span class='ocrx_word' id='word_1_328' title='bbox 290 2156 441 2228; x_wconf 90' lang='lat' dir='ltr'>discipulus</span> <span class='ocrx_word' id='word_1_329' title='bbox 464 2155 573 2211; x_wconf 92' lang='lat' dir='ltr'>aliunde</span> <span class='ocrx_word' id='word_1_330' title='bbox 588 2153 701 2211; x_wconf 89' lang='lat' dir='ltr'>veniens</span> <span class='ocrx_word' id='word_1_331' title='bbox 716 2153 921 2211; x_wconf 88' lang='lat' dir='ltr'>meditationem</span> <span class='ocrx_word' id='word_1_332' title='bbox 971 2160 1092 2216; x_wconf 83' lang='lat' dir='ltr'>decimas</span> <span class='ocrx_word' id='word_1_333' title='bbox 1107 2176 1179 2227; x_wconf 85' lang='lat' dir='ltr'>suas,</span> <span class='ocrx_word' id='word_1_334' title='bbox 1198 2179 1210 2209; x_wconf 75' lang='grc' dir='ltr'>ι</span> <span class='ocrx_word' id='word_1_335' title='bbox 1226 2167 1290 2226; x_wconf 88' lang='grc' dir='ltr'>ειε.,</span> <span class='ocrx_word' id='word_1_336' title='bbox 1307 2159 1390 2214; x_wconf 90' lang='lat' dir='ltr'>idest</span> <span class='ocrx_word' id='word_1_337' title='bbox 1413 2159 1486 2214; x_wconf 90' lang='lat' dir='ltr'>hona</span> <span class='ocrx_word' id='word_1_338' title='bbox 1508 2174 1591 2230; x_wconf 90' lang='lat' dir='ltr'>opera</span> <span class='ocrx_word' id='word_1_339' title='bbox 1606 2158 1658 2213; x_wconf 91' lang='lat' dir='ltr'>sihi</span> <span class='ocrx_word' id='word_1_340' title='bbox 1672 2158 1772 2215; x_wconf 89' lang='lat' dir='ltr'>cculir·</span> 
     </span>
     <span class='ocr_line' id='line_1_23' title="bbox 119 2243 1771 2318; baseline 0.001 -17"><span class='ocrx_word' id='word_1_341' title='bbox 119 2244 212 2301; x_wconf 88' lang='lat' dir='ltr'>inierit</span> <span class='ocrx_word' id='word_1_342' title='bbox 224 2260 291 2318; x_wconf 89' lang='lat' dir='ltr'>erga</span> <span class='ocrx_word' id='word_1_343' title='bbox 313 2252 349 2311; x_wconf 91' lang='lat' dir='ltr'>te,</span> <span class='ocrx_word' id='word_1_344' title='bbox 375 2245 489 2317; x_wconf 91' lang='lat' dir='ltr'>quinon</span> <span class='ocrx_word' id='word_1_345' title='bbox 514 2243 549 2299; x_wconf 90' lang='lat' dir='ltr'>sit</span> <span class='ocrx_word' id='word_1_346' title='bbox 563 2243 597 2299; x_wconf 95' lang='lat' dir='ltr'>de</span> <span class='ocrx_word' id='word_1_347' title='bbox 611 2244 706 2300; x_wconf 89' lang='lat' dir='ltr'>schola</span> <span class='ocrx_word' id='word_1_348' title='bbox 729 2251 783 2314; x_wconf 88' lang='lat' dir='ltr'>tua,</span> <span class='ocrx_word' id='word_1_349' title='bbox 805 2249 920 2314; x_wconf 87' lang='lat' dir='ltr'>supputa</span> <span class='ocrx_word' id='word_1_350' title='bbox 971 2264 1047 2304; x_wconf 90' lang='lat' dir='ltr'>mare</span> <span class='ocrx_word' id='word_1_351' title='bbox 1069 2248 1143 2317; x_wconf 83' lang='lat' dir='ltr'>justo</span> <span class='ocrx_word' id='word_1_352' title='bbox 1167 2247 1315 2314; x_wconf 87' lang='lat' dir='ltr'>intellectu,</span> <span class='ocrx_word' id='word_1_353' title='bbox 1337 2263 1431 2303; x_wconf 88' lang='lat' dir='ltr'>eorum</span> <span class='ocrx_word' id='word_1_354' title='bbox 1451 2245 1568 2302; x_wconf 78' lang='lat' dir='ltr'>fructum</span> <span class='ocrx_word' id='word_1_355' title='bbox 1592 2246 1709 2303; x_wconf 89' lang='lat' dir='ltr'>Domino</span> <span class='ocrx_word' id='word_1_356' title='bbox 1724 2261 1771 2303; x_wconf 89' lang='lat' dir='ltr'>re·</span> 
     </span>
     <span class='ocr_line' id='line_1_24' title="bbox 119 2330 1771 2407; baseline 0.002 -19"><span class='ocrx_word' id='word_1_357' title='bbox 119 2334 292 2406; x_wconf 90' lang='lat' dir='ltr'>quantumin</span> <span class='ocrx_word' id='word_1_358' title='bbox 308 2333 445 2405; x_wconf 88' lang='lat' dir='ltr'>copossis</span> <span class='ocrx_word' id='word_1_359' title='bbox 465 2332 621 2400; x_wconf 87' lang='lat' dir='ltr'>elaborare,</span> <span class='ocrx_word' id='word_1_360' title='bbox 637 2339 665 2387; x_wconf 92' lang='lat' dir='ltr'>et</span> <span class='ocrx_word' id='word_1_361' title='bbox 679 2331 798 2387; x_wconf 91' lang='lat' dir='ltr'>studium</span> <span class='ocrx_word' id='word_1_362' title='bbox 820 2330 920 2387; x_wconf 88' lang='lat' dir='ltr'>adhibe</span> <span class='ocrx_word' id='word_1_363' title='bbox 971 2343 1140 2407; x_wconf 89' lang='lat' dir='ltr'>compenset.</span> <span class='ocrx_word' id='word_1_364' title='bbox 1160 2356 1171 2386; x_wconf 81' lang='grc' dir='ltr'>ι</span> <span class='ocrx_word' id='word_1_365' title='bbox 1189 2334 1319 2391; x_wconf 91' lang='lat' dir='ltr'>Omnium</span> <span class='ocrx_word' id='word_1_366' title='bbox 1341 2335 1522 2403; x_wconf 89' lang='lat' dir='ltr'>decimamm,</span> <span class='ocrx_word' id='word_1_367' title='bbox 1540 2355 1552 2385; x_wconf 76' lang='lat' dir='ltr'>r</span> <span class='ocrx_word' id='word_1_368' title='bbox 1569 2342 1634 2401; x_wconf 88' lang='grc' dir='ltr'>ειε.,</span> <span class='ocrx_word' id='word_1_369' title='bbox 1649 2334 1771 2391; x_wconf 87' lang='lat' dir='ltr'>omnium</span> 
     </span>
     <span class='ocr_line' id='line_1_25' title="bbox 119 2419 1771 2497; baseline -0.001 -21"><span class='ocrx_word' id='word_1_370' title='bbox 119 2421 244 2478; x_wconf 90' lang='lat' dir='ltr'>lucrandi</span> <span class='ocrx_word' id='word_1_371' title='bbox 259 2437 331 2477; x_wconf 90' lang='lat' dir='ltr'>eurn.</span> <span class='ocrx_word' id='word_1_372' title='bbox 345 2442 357 2473; x_wconf 85' lang='grc' dir='ltr'>ι</span> <span class='ocrx_word' id='word_1_373' title='bbox 371 2422 400 2477; x_wconf 88' lang='lat' dir='ltr'>ln</span> <span class='ocrx_word' id='word_1_374' title='bbox 413 2421 525 2491; x_wconf 76' lang='lat' dir='ltr'>jubilaeo</span> <span class='ocrx_word' id='word_1_375' title='bbox 539 2429 629 2476; x_wconf 92' lang='lat' dir='ltr'>autem</span> <span class='ocrx_word' id='word_1_376' title='bbox 638 2427 790 2476; x_wconf 86' lang='lat' dir='ltr'>revertetur</span> <span class='ocrx_word' id='word_1_377' title='bbox 800 2419 835 2475; x_wconf 95' lang='lat' dir='ltr'>ad</span> <span class='ocrx_word' id='word_1_378' title='bbox 844 2419 921 2491; x_wconf 79' lang='lat' dir='ltr'>prio·</span> <span class='ocrx_word' id='word_1_379' title='bbox 971 2425 1100 2481; x_wconf 85' lang='lat' dir='ltr'>ordinum</span> <span class='ocrx_word' id='word_1_380' title='bbox 1114 2423 1161 2497; x_wconf 92' lang='lat' dir='ltr'>qui</span> <span class='ocrx_word' id='word_1_381' title='bbox 1176 2424 1228 2479; x_wconf 88' lang='lat' dir='ltr'>suh</span> <span class='ocrx_word' id='word_1_382' title='bbox 1243 2423 1386 2495; x_wconf 87' lang='lat' dir='ltr'>disciplina</span> <span class='ocrx_word' id='word_1_383' title='bbox 1400 2423 1499 2478; x_wconf 88' lang='lat' dir='ltr'>Christi</span> <span class='ocrx_word' id='word_1_384' title='bbox 1514 2430 1585 2478; x_wconf 91' lang='lat' dir='ltr'>sunt.</span> <span class='ocrx_word' id='word_1_385' title='bbox 1605 2419 1771 2496; x_wconf 79' lang='lat' dir='ltr'>«Quidquid</span> 
     </span>
     <span class='ocr_line' id='line_1_26' title="bbox 119 2507 1770 2583; baseline 0.001 -17"><span class='ocrx_word' id='word_1_386' title='bbox 119 2526 178 2567; x_wconf 91' lang='lat' dir='ltr'>rem</span> <span class='ocrx_word' id='word_1_387' title='bbox 206 2509 393 2577; x_wconf 72' lang='lat' dir='ltr'>Dominum·</span> <span class='ocrx_word' id='word_1_388' title='bbox 423 2510 452 2566; x_wconf 93' lang='lat' dir='ltr'>id</span> <span class='ocrx_word' id='word_1_389' title='bbox 475 2518 526 2576; x_wconf 87' lang='lat' dir='ltr'>est,</span> <span class='ocrx_word' id='word_1_390' title='bbox 543 2510 568 2565; x_wconf 92' lang='lat' dir='ltr'>ei</span> <span class='ocrx_word' id='word_1_391' title='bbox 592 2509 639 2581; x_wconf 91' lang='lat' dir='ltr'>qui</span> <span class='ocrx_word' id='word_1_392' title='bbox 658 2508 767 2581; x_wconf 90' lang='lat' dir='ltr'>primun</span> <span class='ocrx_word' id='word_1_393' title='bbox 791 2507 921 2564; x_wconf 89' lang='lat' dir='ltr'>laboravit</span> <span class='ocrx_word' id='word_1_394' title='bbox 970 2512 1107 2569; x_wconf 92' lang='lat' dir='ltr'>decimum</span> <span class='ocrx_word' id='word_1_395' title='bbox 1141 2511 1285 2581; x_wconf 68' lang='lat' dir='ltr'>venerit»</span> <span class='ocrx_word' id='word_1_396' title='bbox 1318 2520 1380 2578; x_wconf 84' lang='grc' dir='ltr'>ειε.,</span> <span class='ocrx_word' id='word_1_397' title='bbox 1409 2511 1437 2566; x_wconf 92' lang='lat' dir='ltr'>id</span> <span class='ocrx_word' id='word_1_398' title='bbox 1465 2518 1516 2578; x_wconf 89' lang='lat' dir='ltr'>est,</span> <span class='ocrx_word' id='word_1_399' title='bbox 1548 2509 1702 2583; x_wconf 85' lang='lat' dir='ltr'>quicunque</span> <span class='ocrx_word' id='word_1_400' title='bbox 1727 2510 1770 2568; x_wconf 92' lang='lat' dir='ltr'>le-</span> 
     </span>
     <span class='ocr_line' id='line_1_27' title="bbox 119 2596 1771 2675; baseline 0.001 -22"><span class='ocrx_word' id='word_1_401' title='bbox 119 2599 147 2654; x_wconf 90' lang='lat' dir='ltr'>in</span> <span class='ocrx_word' id='word_1_402' title='bbox 163 2614 196 2655; x_wconf 93' lang='lat' dir='ltr'>eo</span> <span class='ocrx_word' id='word_1_403' title='bbox 211 2614 317 2656; x_wconf 91' lang='lat' dir='ltr'>merces</span> <span class='ocrx_word' id='word_1_404' title='bbox 330 2598 433 2655; x_wconf 89' lang='lat' dir='ltr'>laboris</span> <span class='ocrx_word' id='word_1_405' title='bbox 456 2597 605 2671; x_wconf 89' lang='lat' dir='ltr'>impendet,</span> <span class='ocrx_word' id='word_1_406' title='bbox 620 2605 647 2656; x_wconf 93' lang='lat' dir='ltr'>te</span> <span class='ocrx_word' id='word_1_407' title='bbox 672 2596 753 2653; x_wconf 87' lang='lat' dir='ltr'>studii</span> <span class='ocrx_word' id='word_1_408' title='bbox 776 2596 814 2652; x_wconf 90' lang='lat' dir='ltr'>tui</span> <span class='ocrx_word' id='word_1_409' title='bbox 829 2596 919 2653; x_wconf 89' lang='lat' dir='ltr'>susci·</span> <span class='ocrx_word' id='word_1_410' title='bbox 971 2600 1014 2675; x_wconf 82' lang='lat' dir='ltr'>gis</span> <span class='ocrx_word' id='word_1_411' title='bbox 1033 2601 1133 2670; x_wconf 87' lang='lat' dir='ltr'>justam</span> <span class='ocrx_word' id='word_1_412' title='bbox 1155 2600 1239 2656; x_wconf 88' lang='lat' dir='ltr'>hahet</span> <span class='ocrx_word' id='word_1_413' title='bbox 1259 2600 1478 2671; x_wconf 85' lang='lat' dir='ltr'>intelligentiam,</span> <span class='ocrx_word' id='word_1_414' title='bbox 1502 2598 1619 2656; x_wconf 91' lang='lat' dir='ltr'>Domino</span> <span class='ocrx_word' id='word_1_415' title='bbox 1641 2599 1701 2655; x_wconf 88' lang='lat' dir='ltr'>sine</span> <span class='ocrx_word' id='word_1_416' title='bbox 1714 2597 1771 2655; x_wconf 86' lang='lat' dir='ltr'>ulla</span> 
     </span>
     <span class='ocr_line' id='line_1_28' title="bbox 118 2683 1769 2760; baseline 0.002 -19"><span class='ocrx_word' id='word_1_417' title='bbox 118 2686 211 2760; x_wconf 86' lang='lat' dir='ltr'>piente</span> <span class='ocrx_word' id='word_1_418' title='bbox 239 2685 489 2744; x_wconf 79' lang='lat' dir='ltr'>remunerationes.</span> <span class='ocrx_word' id='word_1_419' title='bbox 523 2685 649 2742; x_wconf 81' lang='lat' dir='ltr'>«Omnis</span> <span class='ocrx_word' id='word_1_420' title='bbox 680 2683 825 2742; x_wconf 80' lang='lat' dir='ltr'>aestimatio</span> <span class='ocrx_word' id='word_1_421' title='bbox 853 2683 921 2741; x_wconf 89' lang='lat' dir='ltr'>siclo</span> <span class='ocrx_word' id='word_1_422' title='bbox 971 2689 1180 2747; x_wconf 92' lang='lat' dir='ltr'>commutatione</span> <span class='ocrx_word' id='word_1_423' title='bbox 1208 2703 1242 2744; x_wconf 88' lang='lat' dir='ltr'>ex</span> <span class='ocrx_word' id='word_1_424' title='bbox 1270 2689 1361 2744; x_wconf 91' lang='lat' dir='ltr'>debito</span> <span class='ocrx_word' id='word_1_425' title='bbox 1388 2688 1478 2743; x_wconf 89' lang='lat' dir='ltr'>hostia</span> <span class='ocrx_word' id='word_1_426' title='bbox 1504 2685 1639 2743; x_wconf 87' lang='lat' dir='ltr'>oilertur:</span> <span class='ocrx_word' id='word_1_427' title='bbox 1669 2695 1769 2745; x_wconf 80' lang='lat' dir='ltr'>caetera</span> 
     </span>
     <span class='ocr_line' id='line_1_29' title="bbox 119 2772 1768 2849; baseline 0.001 -18"><span class='ocrx_word' id='word_1_428' title='bbox 119 2775 267 2832; x_wconf 85' lang='lat' dir='ltr'>sanctuarii</span> <span class='ocrx_word' id='word_1_429' title='bbox 281 2775 485 2847; x_wconf 88' lang='lat' dir='ltr'>ponderabitur,</span> <span class='ocrx_word' id='word_1_430' title='bbox 505 2796 517 2826; x_wconf 80' lang='lat' dir='ltr'>r</span> <span class='ocrx_word' id='word_1_431' title='bbox 548 2773 637 2831; x_wconf 92' lang='lat' dir='ltr'>omnis</span> <span class='ocrx_word' id='word_1_432' title='bbox 650 2773 746 2844; x_wconf 90' lang='lat' dir='ltr'>judicii</span> <span class='ocrx_word' id='word_1_433' title='bbox 758 2781 785 2830; x_wconf 91' lang='grc' dir='ltr'>ει</span> <span class='ocrx_word' id='word_1_434' title='bbox 797 2772 921 2848; x_wconf 87' lang='lat' dir='ltr'>negotio·</span> <span class='ocrx_word' id='word_1_435' title='bbox 972 2785 1000 2834; x_wconf 92' lang='lat' dir='ltr'>ut</span> <span class='ocrx_word' id='word_1_436' title='bbox 1015 2793 1107 2849; x_wconf 88' lang='lat' dir='ltr'>supra.</span> <span class='ocrx_word' id='word_1_437' title='bbox 1121 2777 1253 2833; x_wconf 50' lang='lat' dir='ltr'>&#39;Pietatem</span> <span class='ocrx_word' id='word_1_438' title='bbox 1268 2784 1359 2833; x_wconf 90' lang='lat' dir='ltr'>autem</span> <span class='ocrx_word' id='word_1_439' title='bbox 1377 2783 1464 2844; x_wconf 90' lang='lat' dir='ltr'>tuam,</span> <span class='ocrx_word' id='word_1_440' title='bbox 1487 2776 1562 2832; x_wconf 91' lang='lat' dir='ltr'>Dens</span> <span class='ocrx_word' id='word_1_441' title='bbox 1585 2775 1768 2848; x_wconf 88' lang='lat' dir='ltr'>omnipotens,</span> 
     </span>
     <span class='ocr_line' id='line_1_30' title="bbox 118 2861 1771 2937; baseline 0 -17"><span class='ocrx_word' id='word_1_442' title='bbox 118 2881 179 2920; x_wconf 93' lang='lat' dir='ltr'>rum</span> <span class='ocrx_word' id='word_1_443' title='bbox 193 2864 336 2920; x_wconf 90' lang='lat' dir='ltr'>diversitas</span> <span class='ocrx_word' id='word_1_444' title='bbox 352 2864 424 2933; x_wconf 83' lang='lat' dir='ltr'>juxta</span> <span class='ocrx_word' id='word_1_445' title='bbox 450 2862 601 2920; x_wconf 91' lang='lat' dir='ltr'>doctrinam</span> <span class='ocrx_word' id='word_1_446' title='bbox 621 2861 836 2919; x_wconf 86' lang='lat' dir='ltr'>ecclesiasticam</span> <span class='ocrx_word' id='word_1_447' title='bbox 851 2875 922 2932; x_wconf 89' lang='lat' dir='ltr'>pen·</span> <span class='ocrx_word' id='word_1_448' title='bbox 970 2865 1069 2922; x_wconf 84' lang='lat' dir='ltr'>obnixe</span> <span class='ocrx_word' id='word_1_449' title='bbox 1088 2865 1222 2936; x_wconf 89' lang='lat' dir='ltr'>deprecor</span> <span class='ocrx_word' id='word_1_450' title='bbox 1235 2872 1264 2920; x_wconf 91' lang='lat' dir='ltr'>ut</span> <span class='ocrx_word' id='word_1_451' title='bbox 1278 2881 1323 2921; x_wconf 92' lang='lat' dir='ltr'>me</span> <span class='ocrx_word' id='word_1_452' title='bbox 1344 2863 1426 2921; x_wconf 84' lang='lat' dir='ltr'>iacias</span> <span class='ocrx_word' id='word_1_453' title='bbox 1449 2864 1499 2919; x_wconf 90' lang='lat' dir='ltr'>tihi</span> <span class='ocrx_word' id='word_1_454' title='bbox 1520 2880 1629 2935; x_wconf 91' lang='lat' dir='ltr'>semper</span> <span class='ocrx_word' id='word_1_455' title='bbox 1641 2861 1771 2937; x_wconf 90' lang='lat' dir='ltr'>placitum</span> 
     </span>
     <span class='ocr_line' id='line_1_31' title="bbox 119 2949 1769 3026; baseline -0.001 -17"><span class='ocrx_word' id='word_1_456' title='bbox 119 2961 205 3009; x_wconf 86' lang='lat' dir='ltr'>satur.</span> <span class='ocrx_word' id='word_1_457' title='bbox 224 2975 236 3005; x_wconf 73' lang='grc' dir='ltr'>ι</span> <span class='ocrx_word' id='word_1_458' title='bbox 255 2952 343 3009; x_wconf 88' lang='lat' dir='ltr'>Siclua</span> <span class='ocrx_word' id='word_1_459' title='bbox 356 2952 452 3026; x_wconf 86' lang='lat' dir='ltr'>viginti</span> <span class='ocrx_word' id='word_1_460' title='bbox 477 2951 574 3008; x_wconf 91' lang='lat' dir='ltr'>oholos</span> <span class='ocrx_word' id='word_1_461' title='bbox 598 2951 688 3007; x_wconf 86' lang='lat' dir='ltr'>habet.</span> <span class='ocrx_word' id='word_1_462' title='bbox 707 2970 718 3001; x_wconf 81' lang='lat' dir='ltr'>r</span> <span class='ocrx_word' id='word_1_463' title='bbox 735 2951 796 3022; x_wconf 93' lang='lat' dir='ltr'>lpse</span> <span class='ocrx_word' id='word_1_464' title='bbox 811 2949 921 3022; x_wconf 92' lang='lat' dir='ltr'>quidem</span> <span class='ocrx_word' id='word_1_465' title='bbox 971 2952 1136 3010; x_wconf 87' lang='lat' dir='ltr'>sacrificium</span> <span class='ocrx_word' id='word_1_466' title='bbox 1149 2953 1259 3010; x_wconf 91' lang='lat' dir='ltr'>laudum</span> <span class='ocrx_word' id='word_1_467' title='bbox 1275 2960 1381 3009; x_wconf 89' lang='lat' dir='ltr'>tuamm</span> <span class='ocrx_word' id='word_1_468' title='bbox 1396 2951 1504 3023; x_wconf 84' lang='lat' dir='ltr'>offerre,</span> <span class='ocrx_word' id='word_1_469' title='bbox 1516 2959 1545 3008; x_wconf 90' lang='lat' dir='ltr'>ut</span> <span class='ocrx_word' id='word_1_470' title='bbox 1553 2960 1580 3008; x_wconf 90' lang='lat' dir='ltr'>et</span> <span class='ocrx_word' id='word_1_471' title='bbox 1590 2968 1651 3024; x_wconf 86' lang='lat' dir='ltr'>qnae</span> <span class='ocrx_word' id='word_1_472' title='bbox 1660 2952 1769 3025; x_wconf 82' lang='lat' dir='ltr'>agenda</span> 
     </span>
     <span class='ocr_line' id='line_1_32' title="bbox 118 3037 1770 3113; baseline 0 -17"><span class='ocrx_word' id='word_1_473' title='bbox 118 3042 217 3098; x_wconf 87' lang='lat' dir='ltr'>inodus</span> <span class='ocrx_word' id='word_1_474' title='bbox 242 3040 374 3097; x_wconf 79' lang='lat' dir='ltr'>doctrinae</span> <span class='ocrx_word' id='word_1_475' title='bbox 388 3040 488 3096; x_wconf 81' lang='lat' dir='ltr'>divinae</span> <span class='ocrx_word' id='word_1_476' title='bbox 503 3039 532 3095; x_wconf 91' lang='lat' dir='ltr'>in</span> <span class='ocrx_word' id='word_1_477' title='bbox 546 3039 680 3113; x_wconf 82' lang='lat' dir='ltr'>decalogo</span> <span class='ocrx_word' id='word_1_478' title='bbox 695 3038 857 3106; x_wconf 88' lang='lat' dir='ltr'>continetur,</span> <span class='ocrx_word' id='word_1_479' title='bbox 874 3037 921 3110; x_wconf 92' lang='lat' dir='ltr'>qui</span> <span class='ocrx_word' id='word_1_480' title='bbox 971 3049 1034 3096; x_wconf 89' lang='lat' dir='ltr'>sunt</span> <span class='ocrx_word' id='word_1_481' title='bbox 1061 3041 1193 3098; x_wconf 92' lang='lat' dir='ltr'>veraciter</span> <span class='ocrx_word' id='word_1_482' title='bbox 1215 3056 1372 3113; x_wconf 82' lang='lat' dir='ltr'>agnoscam,</span> <span class='ocrx_word' id='word_1_483' title='bbox 1396 3048 1423 3096; x_wconf 91' lang='lat' dir='ltr'>et</span> <span class='ocrx_word' id='word_1_484' title='bbox 1443 3040 1534 3112; x_wconf 87' lang='lat' dir='ltr'>agnita</span> <span class='ocrx_word' id='word_1_485' title='bbox 1555 3039 1630 3096; x_wconf 90' lang='lat' dir='ltr'>fideli</span> <span class='ocrx_word' id='word_1_486' title='bbox 1653 3054 1770 3112; x_wconf 88' lang='lat' dir='ltr'>operum</span> 
     </span>
     <span class='ocr_line' id='line_1_33' title="bbox 117 3127 1770 3203; baseline 0 -19"><span class='ocrx_word' id='word_1_487' title='bbox 117 3129 147 3185; x_wconf 90' lang='lat' dir='ltr'>iu</span> <span class='ocrx_word' id='word_1_488' title='bbox 161 3129 297 3186; x_wconf 80' lang='lat' dir='ltr'>vicenario</span> <span class='ocrx_word' id='word_1_489' title='bbox 314 3129 356 3184; x_wconf 93' lang='lat' dir='ltr'>bis</span> <span class='ocrx_word' id='word_1_490' title='bbox 370 3128 484 3195; x_wconf 88' lang='lat' dir='ltr'>ducitur,</span> <span class='ocrx_word' id='word_1_491' title='bbox 500 3128 544 3184; x_wconf 93' lang='lat' dir='ltr'>vel</span> <span class='ocrx_word' id='word_1_492' title='bbox 559 3128 622 3201; x_wconf 90' lang='lat' dir='ltr'>quia</span> <span class='ocrx_word' id='word_1_493' title='bbox 636 3127 690 3184; x_wconf 94' lang='lat' dir='ltr'>duo</span> <span class='ocrx_word' id='word_1_494' title='bbox 703 3135 839 3199; x_wconf 77' lang='lat' dir='ltr'>praecepta</span> <span class='ocrx_word' id='word_1_495' title='bbox 853 3140 921 3183; x_wconf 91' lang='lat' dir='ltr'>con·</span> <span class='ocrx_word' id='word_1_496' title='bbox 970 3131 1144 3187; x_wconf 85' lang='lat' dir='ltr'>exsecutione</span> <span class='ocrx_word' id='word_1_497' title='bbox 1171 3129 1323 3202; x_wconf 86' lang='lat' dir='ltr'>perficiam,</span> <span class='ocrx_word' id='word_1_498' title='bbox 1352 3145 1388 3186; x_wconf 90' lang='lat' dir='ltr'>ne</span> <span class='ocrx_word' id='word_1_499' title='bbox 1407 3128 1479 3203; x_wconf 85' lang='lat' dir='ltr'>ignis</span> <span class='ocrx_word' id='word_1_500' title='bbox 1502 3128 1619 3200; x_wconf 86' lang='lat' dir='ltr'>Spiritus</span> <span class='ocrx_word' id='word_1_501' title='bbox 1640 3127 1727 3184; x_wconf 91' lang='lat' dir='ltr'>sancti</span> <span class='ocrx_word' id='word_1_502' title='bbox 1741 3135 1770 3185; x_wconf 90' lang='lat' dir='ltr'>et</span> 
     </span>
     <span class='ocr_line' id='line_1_34' title="bbox 117 3215 1767 3290; baseline 0 -18"><span class='ocrx_word' id='word_1_503' title='bbox 117 3218 185 3273; x_wconf 90' lang='lat' dir='ltr'>tinet</span> <span class='ocrx_word' id='word_1_504' title='bbox 209 3217 359 3288; x_wconf 88' lang='lat' dir='ltr'>charitatis,</span> <span class='ocrx_word' id='word_1_505' title='bbox 382 3217 426 3273; x_wconf 88' lang='lat' dir='ltr'>vel</span> <span class='ocrx_word' id='word_1_506' title='bbox 446 3217 510 3289; x_wconf 92' lang='lat' dir='ltr'>quia</span> <span class='ocrx_word' id='word_1_507' title='bbox 533 3223 560 3273; x_wconf 91' lang='lat' dir='ltr'>et</span> <span class='ocrx_word' id='word_1_508' title='bbox 584 3215 758 3272; x_wconf 91' lang='lat' dir='ltr'>historialiter</span> <span class='ocrx_word' id='word_1_509' title='bbox 773 3222 799 3272; x_wconf 93' lang='lat' dir='ltr'>et</span> <span class='ocrx_word' id='word_1_510' title='bbox 813 3215 919 3288; x_wconf 89' lang='lat' dir='ltr'>allego·</span> <span class='ocrx_word' id='word_1_511' title='bbox 969 3219 1132 3276; x_wconf 84' lang='lat' dir='ltr'>venerandae</span> <span class='ocrx_word' id='word_1_512' title='bbox 1159 3218 1300 3275; x_wconf 90' lang='lat' dir='ltr'>charitatis</span> <span class='ocrx_word' id='word_1_513' title='bbox 1328 3232 1411 3290; x_wconf 90' lang='lat' dir='ltr'>quem</span> <span class='ocrx_word' id='word_1_514' title='bbox 1440 3225 1573 3289; x_wconf 90' lang='lat' dir='ltr'>perpetuo</span> <span class='ocrx_word' id='word_1_515' title='bbox 1601 3215 1767 3273; x_wconf 86' lang='lat' dir='ltr'>servandum</span> 
     </span>
     <span class='ocr_line' id='line_1_35' title="bbox 116 3303 1767 3379; baseline -0.001 -17"><span class='ocrx_word' id='word_1_516' title='bbox 116 3307 176 3363; x_wconf 90' lang='lat' dir='ltr'>rice</span> <span class='ocrx_word' id='word_1_517' title='bbox 190 3315 232 3363; x_wconf 91' lang='lat' dir='ltr'>est</span> <span class='ocrx_word' id='word_1_518' title='bbox 246 3306 444 3363; x_wconf 89' lang='lat' dir='ltr'>observandus.</span> <span class='ocrx_word' id='word_1_519' title='bbox 469 3327 481 3358; x_wconf 80' lang='grc' dir='ltr'>ι</span> <span class='ocrx_word' id='word_1_520' title='bbox 499 3305 684 3378; x_wconf 87' lang='lat' dir='ltr'>Primogenita</span> <span class='ocrx_word' id='word_1_521' title='bbox 707 3320 768 3376; x_wconf 75' lang='lat' dir='ltr'>quaa</span> <span class='ocrx_word' id='word_1_522' title='bbox 782 3303 817 3359; x_wconf 94' lang='lat' dir='ltr'>ad</span> <span class='ocrx_word' id='word_1_523' title='bbox 830 3305 918 3359; x_wconf 90' lang='lat' dir='ltr'>Deum</span> <span class='ocrx_word' id='word_1_524' title='bbox 968 3306 1131 3379; x_wconf 75' lang='lat' dir='ltr'>precepisti,</span> <span class='ocrx_word' id='word_1_525' title='bbox 1149 3322 1231 3378; x_wconf 92' lang='lat' dir='ltr'>quem</span> <span class='ocrx_word' id='word_1_526' title='bbox 1245 3323 1295 3379; x_wconf 88' lang='lat' dir='ltr'>per</span> <span class='ocrx_word' id='word_1_527' title='bbox 1318 3303 1479 3362; x_wconf 84' lang='lat' dir='ltr'>effusionem</span> <span class='ocrx_word' id='word_1_528' title='bbox 1502 3304 1561 3361; x_wconf 93' lang='lat' dir='ltr'>veri</span> <span class='ocrx_word' id='word_1_529' title='bbox 1584 3304 1724 3376; x_wconf 86' lang='lat' dir='ltr'>sanguinis</span> <span class='ocrx_word' id='word_1_530' title='bbox 1738 3303 1767 3360; x_wconf 88' lang='lat' dir='ltr'>iu</span> 
     </span>
     <span class='ocr_line' id='line_1_36' title="bbox 114 3391 1765 3466; baseline -0.001 -16"><span class='ocrx_word' id='word_1_531' title='bbox 114 3394 262 3466; x_wconf 89' lang='lat' dir='ltr'>pertinent,</span> <span class='ocrx_word' id='word_1_532' title='bbox 282 3415 293 3445; x_wconf 77' lang='lat' dir='ltr'>r</span> <span class='ocrx_word' id='word_1_533' title='bbox 310 3402 362 3450; x_wconf 89' lang='lat' dir='ltr'>etc.</span> <span class='ocrx_word' id='word_1_534' title='bbox 380 3392 414 3449; x_wconf 87' lang='lat' dir='ltr'>lli</span> <span class='ocrx_word' id='word_1_535' title='bbox 437 3392 483 3465; x_wconf 91' lang='lat' dir='ltr'>qui</span> <span class='ocrx_word' id='word_1_536' title='bbox 498 3393 526 3448; x_wconf 93' lang='lat' dir='ltr'>in</span> <span class='ocrx_word' id='word_1_537' title='bbox 540 3392 689 3465; x_wconf 88' lang='lat' dir='ltr'>primordio</span> <span class='ocrx_word' id='word_1_538' title='bbox 704 3391 918 3448; x_wconf 90' lang='lat' dir='ltr'>conversationis</span> <span class='ocrx_word' id='word_1_539' title='bbox 968 3394 1051 3452; x_wconf 91' lang='lat' dir='ltr'>corde</span> <span class='ocrx_word' id='word_1_540' title='bbox 1067 3404 1093 3451; x_wconf 89' lang='lat' dir='ltr'>et</span> <span class='ocrx_word' id='word_1_541' title='bbox 1107 3402 1219 3466; x_wconf 89' lang='lat' dir='ltr'>pectore</span> <span class='ocrx_word' id='word_1_542' title='bbox 1241 3409 1304 3450; x_wconf 90' lang='lat' dir='ltr'>meo</span> <span class='ocrx_word' id='word_1_543' title='bbox 1325 3392 1500 3464; x_wconf 82' lang='lat' dir='ltr'>continuasti,</span> <span class='ocrx_word' id='word_1_544' title='bbox 1523 3391 1649 3462; x_wconf 88' lang='lat' dir='ltr'>deficiat;</span> <span class='ocrx_word' id='word_1_545' title='bbox 1666 3392 1715 3449; x_wconf 88' lang='lat' dir='ltr'>sed</span> <span class='ocrx_word' id='word_1_546' title='bbox 1730 3391 1765 3449; x_wconf 81' lang='lat' dir='ltr'>ad</span> 
     </span>
     <span class='ocr_line' id='line_1_37' title="bbox 114 3479 1765 3555; baseline 0 -17"><span class='ocrx_word' id='word_1_547' title='bbox 114 3483 279 3555; x_wconf 85' lang='lat' dir='ltr'>semetipsos</span> <span class='ocrx_word' id='word_1_548' title='bbox 307 3484 365 3540; x_wconf 90' lang='lat' dir='ltr'>Deo</span> <span class='ocrx_word' id='word_1_549' title='bbox 389 3481 525 3549; x_wconf 89' lang='lat' dir='ltr'>dedicant,</span> <span class='ocrx_word' id='word_1_550' title='bbox 548 3497 603 3538; x_wconf 89' lang='lat' dir='ltr'>non</span> <span class='ocrx_word' id='word_1_551' title='bbox 626 3487 742 3552; x_wconf 91' lang='lat' dir='ltr'>possunt</span> <span class='ocrx_word' id='word_1_552' title='bbox 764 3479 793 3535; x_wconf 91' lang='lat' dir='ltr'>in</span> <span class='ocrx_word' id='word_1_553' title='bbox 815 3479 855 3536; x_wconf 90' lang='lat' dir='ltr'>eis</span> <span class='ocrx_word' id='word_1_554' title='bbox 870 3479 917 3537; x_wconf 94' lang='lat' dir='ltr'>alii</span> <span class='ocrx_word' id='word_1_555' title='bbox 967 3481 1077 3538; x_wconf 92' lang='lat' dir='ltr'>laudern</span> <span class='ocrx_word' id='word_1_556' title='bbox 1092 3490 1119 3538; x_wconf 91' lang='lat' dir='ltr'>et</span> <span class='ocrx_word' id='word_1_557' title='bbox 1134 3483 1267 3538; x_wconf 91' lang='lat' dir='ltr'>honorem</span> <span class='ocrx_word' id='word_1_558' title='bbox 1281 3481 1397 3538; x_wconf 91' lang='lat' dir='ltr'>nominis</span> <span class='ocrx_word' id='word_1_559' title='bbox 1412 3481 1461 3548; x_wconf 90' lang='lat' dir='ltr'>tui,</span> <span class='ocrx_word' id='word_1_560' title='bbox 1478 3481 1507 3535; x_wconf 91' lang='lat' dir='ltr'>in</span> <span class='ocrx_word' id='word_1_561' title='bbox 1521 3488 1574 3538; x_wconf 80' lang='lat' dir='ltr'>tuas</span> <span class='ocrx_word' id='word_1_562' title='bbox 1595 3480 1707 3538; x_wconf 87' lang='lat' dir='ltr'>servitio</span> <span class='ocrx_word' id='word_1_563' title='bbox 1720 3480 1765 3538; x_wconf 92' lang='lat' dir='ltr'>di·</span> 
     </span>
    </p>
   </div>
   <div class='ocr_carea' id='block_1_3' title="bbox 115 3569 1541 3749">
    <p class='ocr_par' dir='ltr' id='par_1_3' title="bbox 115 3569 1541 3749">
     <span class='ocr_line' id='line_1_38' title="bbox 115 3569 1541 3650; baseline -0.006 -15"><span class='ocrx_word' id='word_1_564' title='bbox 115 3578 333 3636; x_wconf 89' lang='lat' dir='ltr'>conversationis</span> <span class='ocrx_word' id='word_1_565' title='bbox 352 3578 405 3634; x_wconf 89' lang='lat' dir='ltr'>sibi</span> <span class='ocrx_word' id='word_1_566' title='bbox 425 3593 557 3650; x_wconf 88' lang='lat' dir='ltr'>usurpare</span> <span class='ocrx_word' id='word_1_567' title='bbox 579 3576 714 3635; x_wconf 84' lang='lat' dir='ltr'>effectum.</span> <span class='ocrx_word' id='word_1_568' title='bbox 733 3598 745 3629; x_wconf 80' lang='lat' dir='ltr'>r</span> <span class='ocrx_word' id='word_1_569' title='bbox 777 3576 840 3633; x_wconf 87' lang='lat' dir='ltr'>Sive</span> <span class='ocrx_word' id='word_1_570' title='bbox 855 3577 916 3644; x_wconf 91' lang='lat' dir='ltr'>hos,</span> <span class='ocrx_word' id='word_1_571' title='bbox 967 3571 1091 3628; x_wconf 91' lang='lat' dir='ltr'>lectionis</span> <span class='ocrx_word' id='word_1_572' title='bbox 1106 3571 1233 3628; x_wconf 87' lang='lat' dir='ltr'>ardescat</span> <span class='ocrx_word' id='word_1_573' title='bbox 1246 3570 1274 3628; x_wconf 91' lang='lat' dir='ltr'>in</span> <span class='ocrx_word' id='word_1_574' title='bbox 1289 3569 1429 3628; x_wconf 85' lang='lat' dir='ltr'>saeculum.</span> <span class='ocrx_word' id='word_1_575' title='bbox 1443 3571 1541 3628; x_wconf 80' lang='lat' dir='ltr'>Amen.</span> 
     </span>
     <span class='ocr_line' id='line_1_39' title="bbox 115 3674 920 3749; baseline -0.004 -16"><span class='ocrx_word' id='word_1_576' title='bbox 115 3675 175 3734; x_wconf 86' lang='lat' dir='ltr'>sive</span> <span class='ocrx_word' id='word_1_577' title='bbox 189 3676 258 3747; x_wconf 88' lang='lat' dir='ltr'>ovis,</span> <span class='ocrx_word' id='word_1_578' title='bbox 277 3697 289 3728; x_wconf 74' lang='grc' dir='ltr'>ι</span> <span class='ocrx_word' id='word_1_579' title='bbox 305 3683 440 3749; x_wconf 85' lang='lat' dir='ltr'>utsupra.</span> <span class='ocrx_word' id='word_1_580' title='bbox 459 3698 471 3729; x_wconf 77' lang='grc' dir='ltr'>ι</span> <span class='ocrx_word' id='word_1_581' title='bbox 487 3674 568 3746; x_wconf 92' lang='lat' dir='ltr'>Quod</span> <span class='ocrx_word' id='word_1_582' title='bbox 583 3675 606 3732; x_wconf 87' lang='lat' dir='ltr'>si</span> <span class='ocrx_word' id='word_1_583' title='bbox 625 3674 794 3730; x_wconf 90' lang='lat' dir='ltr'>immundum</span> <span class='ocrx_word' id='word_1_584' title='bbox 808 3682 851 3731; x_wconf 89' lang='lat' dir='ltr'>est</span> <span class='ocrx_word' id='word_1_585' title='bbox 864 3674 920 3730; x_wconf 92' lang='lat' dir='ltr'>aui·</span> 
     </span>
    </p>
   </div>
   <div class='ocr_carea' id='block_1_4' title="bbox 518 4005 1351 4144">
    <p class='ocr_par' dir='ltr' id='par_1_4' title="bbox 518 4005 1351 4144">
     <span class='ocr_line' id='line_1_40' title="bbox 518 4005 1351 4144; baseline 0.001 -3"><span class='ocrx_word' id='word_1_586' title='bbox 518 4005 994 4142; x_wconf 75' lang='lat' dir='ltr'>wntntntnt</span> <span class='ocrx_word' id='word_1_587' title='bbox 1049 4007 1351 4144; x_wconf 72' lang='lat' dir='ltr'>arnnal</span> 
     </span>
    </p>
   </div>
   <div class='ocr_carea' id='block_1_5' title="bbox 737 4223 1114 4282">
    <p class='ocr_par' dir='ltr' id='par_1_5' title="bbox 737 4223 1114 4282">
     <span class='ocr_line' id='line_1_41' title="bbox 737 4223 1114 4282; baseline 0.003 -1"><span class='ocrx_word' id='word_1_588' title='bbox 737 4223 930 4281; x_wconf 84' lang='lat' dir='ltr'>FULDENSIS</span> <span class='ocrx_word' id='word_1_589' title='bbox 952 4223 1114 4282; x_wconf 79' lang='lat' dir='ltr'>tlortncffl</span> 
     </span>
    </p>
   </div>
   <div class='ocr_carea' id='block_1_6' title="bbox 273 4374 1629 4469">
    <p class='ocr_par' dir='ltr' id='par_1_6' title="bbox 273 4374 1629 4469">
     <span class='ocr_line' id='line_1_42' title="bbox 273 4374 1629 4469; baseline 0.003 -7"><span class='ocrx_word' id='word_1_590' title='bbox 273 4375 475 4463; x_wconf 80' lang='lat' dir='ltr'>htltttt</span> <span class='ocrx_word' id='word_1_591' title='bbox 530 4374 577 4461; x_wconf 89' lang='lat' dir='ltr'>tlt</span> <span class='ocrx_word' id='word_1_592' title='bbox 631 4374 812 4461; x_wconf 82' lang='lat' dir='ltr'>ttlttttltt</span> <span class='ocrx_word' id='word_1_593' title='bbox 866 4374 1121 4462; x_wconf 85' lang='lat' dir='ltr'>llltttttttt</span> <span class='ocrx_word' id='word_1_594' title='bbox 1176 4378 1345 4467; x_wconf 80' lang='lat' dir='ltr'>stltlt</span> <span class='ocrx_word' id='word_1_595' title='bbox 1402 4381 1629 4469; x_wconf 81' lang='lat' dir='ltr'>ttttlttht</span> 
     </span>
    </p>
   </div>
   <div class='ocr_carea' id='block_1_7' title="bbox 552 4560 1320 4639">
    <p class='ocr_par' dir='ltr' id='par_1_7' title="bbox 552 4560 1320 4639">
     <span class='ocr_line' id='line_1_43' title="bbox 552 4560 1320 4639; baseline 0.007 -21"><span class='ocrx_word' id='word_1_596' title='bbox 552 4562 637 4632; x_wconf 75' lang='lat' dir='ltr'>(Pan,</span> <span class='ocrx_word' id='word_1_597' title='bbox 653 4561 810 4618; x_wconf 85' lang='lat' dir='ltr'>Thesaurus</span> <span class='ocrx_word' id='word_1_598' title='bbox 823 4560 926 4619; x_wconf 85' lang='lat' dir='ltr'>noviss.</span> <span class='ocrx_word' id='word_1_599' title='bbox 942 4563 1057 4633; x_wconf 67' lang='lat' dir='ltr'>Anecd,</span> <span class='ocrx_word' id='word_1_600' title='bbox 1075 4571 1143 4621; x_wconf 90' lang='lat' dir='ltr'>torn.</span> <span class='ocrx_word' id='word_1_601' title='bbox 1163 4566 1198 4634; x_wconf 95' lang='lat' dir='ltr'>ll,</span> <span class='ocrx_word' id='word_1_602' title='bbox 1218 4581 1245 4638; x_wconf 94' lang='lat' dir='ltr'>p.</span> <span class='ocrx_word' id='word_1_603' title='bbox 1262 4566 1320 4639; x_wconf 83' lang='lat' dir='ltr'>lt.)</span> 
     </span>
    </p>
   </div>
   <div class='ocr_carea' id='block_1_8' title="bbox 135 4791 1763 4873">
    <p class='ocr_par' dir='ltr' id='par_1_8' title="bbox 135 4791 1763 4873">
     <span class='ocr_line' id='line_1_44' title="bbox 135 4791 1763 4873; baseline -0.001 -20"><span class='ocrx_word' id='word_1_604' title='bbox 135 4798 248 4854; x_wconf 81' lang='lat' dir='ltr'>lurrmrr</span> <span class='ocrx_word' id='word_1_605' title='bbox 262 4809 361 4852; x_wconf 81' lang='lat' dir='ltr'>snncrr</span> <span class='ocrx_word' id='word_1_606' title='bbox 373 4794 533 4850; x_wconf 82' lang='lat' dir='ltr'>Evnrvasnrr</span> <span class='ocrx_word' id='word_1_607' title='bbox 547 4807 696 4850; x_wconf 83' lang='lat' dir='ltr'>sacunumt</span> <span class='ocrx_word' id='word_1_608' title='bbox 710 4791 886 4848; x_wconf 77' lang='lat' dir='ltr'>nnn-raam.</span> <span class='ocrx_word' id='word_1_609' title='bbox 924 4795 1004 4857; x_wconf 89' lang='lat' dir='ltr'>Dest</span> <span class='ocrx_word' id='word_1_610' title='bbox 1027 4793 1157 4866; x_wconf 90' lang='lat' dir='ltr'>perlectio</span> <span class='ocrx_word' id='word_1_611' title='bbox 1177 4803 1287 4853; x_wconf 79' lang='lat' dir='ltr'>aeternae</span> <span class='ocrx_word' id='word_1_612' title='bbox 1304 4795 1479 4853; x_wconf 91' lang='lat' dir='ltr'>beatitudinis</span> <span class='ocrx_word' id='word_1_613' title='bbox 1501 4804 1612 4873; x_wconf 79' lang='lat' dir='ltr'>nostrae,</span> <span class='ocrx_word' id='word_1_614' title='bbox 1638 4812 1763 4872; x_wconf 70' lang='lat' dir='ltr'>congruo</span> 
     </span>
    </p>
   </div>
   <div class='ocr_carea' id='block_1_9' title="bbox 111 4881 1762 5163">
    <p class='ocr_par' dir='ltr' id='par_1_9' title="bbox 111 4881 1762 5163">
     <span class='ocr_line' id='line_1_45' title="bbox 148 4881 1761 4966; baseline 0 -17"><span class='ocrx_word' id='word_1_615' title='bbox 148 4886 231 4943; x_wconf 66' lang='lat' dir='ltr'>tiber</span> <span class='ocrx_word' id='word_1_616' title='bbox 247 4885 439 4958; x_wconf 66' lang='lat' dir='ltr'>stntrttiont&#39;t</span> <span class='ocrx_word' id='word_1_617' title='bbox 450 4886 518 4942; x_wconf 81' lang='lat' dir='ltr'>tera</span> <span class='ocrx_word' id='word_1_618' title='bbox 540 4883 646 4940; x_wconf 64' lang='lat' dir='ltr'>Citrim&#39;</span> <span class='ocrx_word' id='word_1_619' title='bbox 665 4882 721 4952; x_wconf 63' lang='lat' dir='ltr'>filii</span> <span class='ocrx_word' id='word_1_620' title='bbox 740 4882 836 4950; x_wconf 70' lang='lat' dir='ltr'>⁰0er</span> <span class='ocrx_word' id='word_1_621' title='bbox 856 4881 912 4951; x_wconf 64' lang='lat' dir='ltr'>filii</span> <span class='ocrx_word' id='word_1_622' title='bbox 962 4893 1068 4964; x_wconf 91' lang='lat' dir='ltr'>scripsit</span> <span class='ocrx_word' id='word_1_623' title='bbox 1083 4893 1195 4949; x_wconf 89' lang='lat' dir='ltr'>exordio</span> <span class='ocrx_word' id='word_1_624' title='bbox 1213 4911 1219 4949; x_wconf 94' lang='lat'>:</span> <span class='ocrx_word' id='word_1_625' title='bbox 1237 4894 1300 4965; x_wconf 91' lang='lat' dir='ltr'>quia</span> <span class='ocrx_word' id='word_1_626' title='bbox 1313 4894 1393 4950; x_wconf 85' lang='lat' dir='ltr'>tosus</span> <span class='ocrx_word' id='word_1_627' title='bbox 1407 4894 1761 4966; x_wconf 85' lang='lat' dir='ltr'>Salvatorinterpretatur;</span> 
     </span>
     <span class='ocr_line' id='line_1_46' title="bbox 111 4971 1762 5067; baseline 0.002 -23"><span class='ocrx_word' id='word_1_628' title='bbox 111 4974 512 5046; x_wconf 59' lang='lat' dir='ltr'>Abraham-Abrfflmtenul&#39;l</span> <span class='ocrx_word' id='word_1_629' title='bbox 523 4971 697 5043; x_wconf 49' lang='lat' dir='ltr'>mabilia&amp;</span> <span class='ocrx_word' id='word_1_630' title='bbox 705 4975 803 5028; x_wconf 61' lang='lat' dir='ltr'>‘tutem</span> <span class='ocrx_word' id='word_1_631' title='bbox 812 4972 912 5043; x_wconf 56' lang='lat' dir='ltr'>imit</span> <span class='ocrx_word' id='word_1_632' title='bbox 962 4991 1205 5059; x_wconf 81' lang='lat' dir='ltr'>Christusunctrts,</span> <span class='ocrx_word' id='word_1_633' title='bbox 1218 4991 1290 5064; x_wconf 90' lang='lat' dir='ltr'>quod</span> <span class='ocrx_word' id='word_1_634' title='bbox 1304 5000 1346 5048; x_wconf 92' lang='lat' dir='ltr'>est</span> <span class='ocrx_word' id='word_1_635' title='bbox 1359 5007 1459 5048; x_wconf 90' lang='lat' dir='ltr'>nomen</span> <span class='ocrx_word' id='word_1_636' title='bbox 1474 5008 1588 5049; x_wconf 80' lang='lat' dir='ltr'>summae</span> <span class='ocrx_word' id='word_1_637' title='bbox 1603 4991 1762 5067; x_wconf 87' lang='lat' dir='ltr'>dignitatis;</span> 
     </span>
     <span class='ocr_line' id='line_1_47' title="bbox 113 5060 1761 5163; baseline 0.004 -24"><span class='ocrx_word' id='word_1_638' title='bbox 113 5063 207 5131; x_wconf 57' lang='lat' dir='ltr'>MD</span> <span class='ocrx_word' id='word_1_639' title='bbox 223 5062 306 5120; x_wconf 59' lang='lat' dir='ltr'>&#39;mh</span> <span class='ocrx_word' id='word_1_640' title='bbox 321 5066 419 5118; x_wconf 61' lang='lat' dir='ltr'>“mm</span> <span class='ocrx_word' id='word_1_641' title='bbox 432 5061 532 5134; x_wconf 59' lang='lat' dir='ltr'>tenuit</span> <span class='ocrx_word' id='word_1_642' title='bbox 546 5060 649 5118; x_wconf 56' lang='lat' dir='ltr'>ludam</span> <span class='ocrx_word' id='word_1_643' title='bbox 670 5063 699 5117; x_wconf 44' lang='grc' dir='ltr'>θ’</span> <span class='ocrx_word' id='word_1_644' title='bbox 717 5063 824 5133; x_wconf 55' lang='lat' dir='ltr'>snum</span> <span class='ocrx_word' id='word_1_645' title='bbox 839 5061 910 5132; x_wconf 49' lang='lat'>‘1³⁴⁸’</span> <span class='ocrx_word' id='word_1_646' title='bbox 963 5090 1027 5162; x_wconf 94' lang='lat' dir='ltr'>quia</span> <span class='ocrx_word' id='word_1_647' title='bbox 1055 5089 1158 5162; x_wconf 91' lang='lat' dir='ltr'>antiqui</span> <span class='ocrx_word' id='word_1_648' title='bbox 1186 5105 1266 5163; x_wconf 91' lang='lat' dir='ltr'>reges</span> <span class='ocrx_word' id='word_1_649' title='bbox 1288 5097 1315 5147; x_wconf 92' lang='grc' dir='ltr'>ει</span> <span class='ocrx_word' id='word_1_650' title='bbox 1337 5091 1476 5163; x_wconf 84' lang='lat' dir='ltr'>prophetae</span> <span class='ocrx_word' id='word_1_651' title='bbox 1495 5099 1577 5163; x_wconf 92' lang='lat' dir='ltr'>atque</span> <span class='ocrx_word' id='word_1_652' title='bbox 1602 5089 1761 5148; x_wconf 89' lang='lat' dir='ltr'>sacerdotes</span> 
     </span>
    </p>
   </div>
   <div class='ocr_carea' id='block_1_10' title="bbox 113 5160 1852 5359">
    <p class='ocr_par' dir='ltr' id='par_1_10' title="bbox 113 5160 1852 5359">
     <span class='ocr_line' id='line_1_48' title="bbox 113 5160 1762 5292; baseline -0.004 -44"><span class='ocrx_word' id='word_1_653' title='bbox 113 5160 167 5209; x_wconf 52' lang='lat'>⁰³⁰·</span> <span class='ocrx_word' id='word_1_654' title='bbox 288 5239 293 5250; x_wconf 92' lang='lat'>.</span> <span class='ocrx_word' id='word_1_655' title='bbox 441 5237 478 5292; x_wconf 54' lang='lat' dir='ltr'>rh</span> <span class='ocrx_word' id='word_1_656' title='bbox 633 5236 686 5248; x_wconf 88' lang='lat'>..</span> <span class='ocrx_word' id='word_1_657' title='bbox 757 5236 773 5290; x_wconf 75' lang='lat' dir='ltr'>l.</span> <span class='ocrx_word' id='word_1_658' title='bbox 962 5185 1762 5261; x_wconf 80' lang='lat' dir='ltr'>oleoungebantursauctilicationis.lesusautemchristus</span> 
     </span>
     <span class='ocr_line' id='line_1_49' title="bbox 149 5241 1852 5359; baseline -0.006 -10"><span class='ocrx_word' id='word_1_659' title='bbox 149 5241 258 5312; x_wconf 61' lang='lat' dir='ltr'>Moyses</span> <span class='ocrx_word' id='word_1_660' title='bbox 270 5245 431 5295; x_wconf 53' lang='lat' dir='ltr'><strong>mamus</strong></span> <span class='ocrx_word' id='word_1_661' title='bbox 451 5255 459 5292; x_wconf 57' lang='grc' dir='ltr'><strong>ι</strong></span> <span class='ocrx_word' id='word_1_662' title='bbox 480 5254 540 5293; x_wconf 67' lang='lat' dir='ltr'>mm</span> <span class='ocrx_word' id='word_1_663' title='bbox 555 5244 911 5303; x_wconf 53' lang='lat' dir='ltr'>manomscoelessm&#39;</span> <span class='ocrx_word' id='word_1_664' title='bbox 964 5288 1097 5346; x_wconf 90' lang='lat' dir='ltr'>Dominus</span> <span class='ocrx_word' id='word_1_665' title='bbox 1111 5294 1205 5342; x_wconf 91' lang='lat' dir='ltr'>noster</span> <span class='ocrx_word' id='word_1_666' title='bbox 1228 5285 1289 5343; x_wconf 90' lang='lat' dir='ltr'>oleo</span> <span class='ocrx_word' id='word_1_667' title='bbox 1310 5286 1409 5343; x_wconf 85' lang='lat' dir='ltr'>laetitiae</span> <span class='ocrx_word' id='word_1_668' title='bbox 1432 5303 1490 5358; x_wconf 82' lang='lat' dir='ltr'>prae</span> <span class='ocrx_word' id='word_1_669' title='bbox 1513 5286 1690 5359; x_wconf 88' lang='lat' dir='ltr'>participibus</span> <span class='ocrx_word' id='word_1_670' title='bbox 1705 5283 1762 5340; x_wconf 89' lang='lat' dir='ltr'>suis</span> <span class='ocrx_word' id='word_1_671' title='bbox 1842 5264 1852 5279; x_wconf 69' lang='grc'><em>’</em></span> 
     </span>
    </p>
   </div>
   <div class='ocr_carea' id='block_1_11' title="bbox 112 5324 1763 5489">
    <p class='ocr_par' dir='ltr' id='par_1_11' title="bbox 112 5324 1763 5489">
     <span class='ocr_line' id='line_1_50' title="bbox 112 5324 1542 5397; baseline -0.016 -12"><span class='ocrx_word' id='word_1_672' title='bbox 112 5329 207 5385; x_wconf 87' lang='lat' dir='ltr'>divina</span> <span class='ocrx_word' id='word_1_673' title='bbox 230 5327 312 5384; x_wconf 86' lang='lat' dir='ltr'>lullus</span> <span class='ocrx_word' id='word_1_674' title='bbox 334 5327 502 5394; x_wconf 89' lang='lat' dir='ltr'>auctoritate,</span> <span class='ocrx_word' id='word_1_675' title='bbox 528 5326 699 5397; x_wconf 86' lang='lat' dir='ltr'>conscripsit,</span> <span class='ocrx_word' id='word_1_676' title='bbox 723 5325 750 5380; x_wconf 90' lang='lat' dir='ltr'>in</span> <span class='ocrx_word' id='word_1_677' title='bbox 772 5340 826 5397; x_wconf 92' lang='lat' dir='ltr'>quo</span> <span class='ocrx_word' id='word_1_678' title='bbox 839 5324 914 5396; x_wconf 90' lang='lat' dir='ltr'>peri·</span> <span class='ocrx_word' id='word_1_679' title='bbox 1175 5384 1180 5396; x_wconf 33' lang='lat'>¹</span> <span class='ocrx_word' id='word_1_680' title='bbox 1291 5384 1295 5394; x_wconf 36' lang='grc' dir='ltr'>Ι</span> <span class='ocrx_word' id='word_1_681' title='bbox 1419 5384 1424 5395; x_wconf 35' lang='grc' dir='ltr'>Ι</span> <span class='ocrx_word' id='word_1_682' title='bbox 1503 5385 1542 5396; x_wconf 88' lang='lat'>..</span> 
     </span>
     <span class='ocr_line' id='line_1_51' title="bbox 114 5383 1763 5489; baseline -0.015 -16"><span class='ocrx_word' id='word_1_683' title='bbox 114 5419 169 5474; x_wconf 89' lang='lat' dir='ltr'>turi</span> <span class='ocrx_word' id='word_1_684' title='bbox 184 5416 302 5473; x_wconf 91' lang='lat' dir='ltr'>hominis</span> <span class='ocrx_word' id='word_1_685' title='bbox 317 5416 453 5489; x_wconf 89' lang='lat' dir='ltr'>originem</span> <span class='ocrx_word' id='word_1_686' title='bbox 476 5423 590 5471; x_wconf 88' lang='lat' dir='ltr'>texerat.</span> <span class='ocrx_word' id='word_1_687' title='bbox 607 5415 758 5480; x_wconf 87' lang='lat' dir='ltr'>hlatthaeus,</span> <span class='ocrx_word' id='word_1_688' title='bbox 776 5413 915 5486; x_wconf 88' lang='lat' dir='ltr'>apostolus</span> <span class='ocrx_word' id='word_1_689' title='bbox 964 5394 1061 5444; x_wconf 67' lang='lat' dir='ltr'><strong>⁰¹¹⁰m⁵</strong></span> <span class='ocrx_word' id='word_1_690' title='bbox 1074 5402 1089 5442; x_wconf 77' lang='lat'>³</span> <span class='ocrx_word' id='word_1_691' title='bbox 1103 5388 1219 5442; x_wconf 77' lang='lat' dir='ltr'>D⁰¹¹¹¹¹¹⁰</span> <span class='ocrx_word' id='word_1_692' title='bbox 1242 5384 1350 5458; x_wconf 53' lang='lat' dir='ltr'><strong>legum·</strong></span> <span class='ocrx_word' id='word_1_693' title='bbox 1373 5383 1426 5454; x_wconf 69' lang='lat'><strong>0¹¹¹</strong></span> <span class='ocrx_word' id='word_1_694' title='bbox 1448 5394 1521 5441; x_wconf 57' lang='lat' dir='ltr'><strong>vemt</strong></span> <span class='ocrx_word' id='word_1_695' title='bbox 1535 5402 1564 5439; x_wconf 82' lang='lat'>1¹1</span> <span class='ocrx_word' id='word_1_696' title='bbox 1584 5386 1656 5438; x_wconf 66' lang='lat' dir='ltr'>huuc</span> <span class='ocrx_word' id='word_1_697' title='bbox 1680 5397 1763 5436; x_wconf 75' lang='lat' dir='ltr'>¹11⁰ss-</span> 
     </span>
    </p>
   </div>
   <div class='ocr_carea' id='block_1_12' title="bbox 116 5483 1816 5673">
    <p class='ocr_par' dir='ltr' id='par_1_12' title="bbox 116 5483 1816 5673">
     <span class='ocr_line' id='line_1_52' title="bbox 116 5483 1763 5577; baseline -0.008 -14"><span class='ocrx_word' id='word_1_698' title='bbox 116 5506 217 5563; x_wconf 89' lang='lat' dir='ltr'>Christi</span> <span class='ocrx_word' id='word_1_699' title='bbox 246 5513 273 5562; x_wconf 92' lang='grc' dir='ltr'>ει</span> <span class='ocrx_word' id='word_1_700' title='bbox 301 5505 476 5577; x_wconf 90' lang='lat' dir='ltr'>evangelista,</span> <span class='ocrx_word' id='word_1_701' title='bbox 505 5505 604 5560; x_wconf 91' lang='lat' dir='ltr'>lihmm</span> <span class='ocrx_word' id='word_1_702' title='bbox 639 5502 823 5576; x_wconf 87' lang='lat' dir='ltr'>generationis</span> <span class='ocrx_word' id='word_1_703' title='bbox 849 5504 915 5559; x_wconf 85' lang='lat' dir='ltr'>lesu</span> <span class='ocrx_word' id='word_1_704' title='bbox 965 5485 1029 5541; x_wconf 72' lang='lat' dir='ltr'>dum</span> <span class='ocrx_word' id='word_1_705' title='bbox 1044 5500 1092 5556; x_wconf 66' lang='lat' dir='ltr'>Pes</span> <span class='ocrx_word' id='word_1_706' title='bbox 1106 5483 1207 5540; x_wconf 61' lang='grc' dir='ltr'>θῙθΰῑθῧ</span> <span class='ocrx_word' id='word_1_707' title='bbox 1222 5491 1249 5537; x_wconf 69' lang='grc' dir='ltr'>θῑ</span> <span class='ocrx_word' id='word_1_708' title='bbox 1263 5483 1439 5540; x_wconf 60' lang='grc' dir='ltr'>θῑΐθῦῐΰῦῐὸθθ</span> <span class='ocrx_word' id='word_1_709' title='bbox 1453 5492 1555 5554; x_wconf 56' lang='lat' dir='ltr'>palles,</span> <span class='ocrx_word' id='word_1_710' title='bbox 1583 5494 1763 5551; x_wconf 71' lang='lat' dir='ltr'>q⁰0ffl¹1¹¹¹⁰·</span> 
     </span>
     <span class='ocr_line' id='line_1_53' title="bbox 118 5574 1816 5673; baseline -0.01 -18"><span class='ocrx_word' id='word_1_711' title='bbox 118 5594 274 5670; x_wconf 65' lang='lat' dir='ltr'>christiin</span> <span class='ocrx_word' id='word_1_712' title='bbox 299 5609 354 5673; x_wconf 91' lang='lat' dir='ltr'>quo</span> <span class='ocrx_word' id='word_1_713' title='bbox 378 5601 419 5651; x_wconf 89' lang='lat' dir='ltr'>est</span> <span class='ocrx_word' id='word_1_714' title='bbox 438 5593 545 5651; x_wconf 87' lang='lat' dir='ltr'>initium</span> <span class='ocrx_word' id='word_1_715' title='bbox 568 5592 663 5652; x_wconf 85' lang='lat' dir='ltr'>salutis</span> <span class='ocrx_word' id='word_1_716' title='bbox 685 5600 797 5664; x_wconf 78' lang='lat' dir='ltr'>nostra,</span> <span class='ocrx_word' id='word_1_717' title='bbox 822 5599 848 5650; x_wconf 90' lang='grc' dir='ltr'>ει</span> <span class='ocrx_word' id='word_1_718' title='bbox 871 5593 917 5670; x_wconf 91' lang='lat' dir='ltr'>qui</span> <span class='ocrx_word' id='word_1_719' title='bbox 966 5588 1040 5646; x_wconf 89' lang='lat' dir='ltr'>mina</span> <span class='ocrx_word' id='word_1_720' title='bbox 1061 5604 1112 5664; x_wconf 91' lang='lat' dir='ltr'>per</span> <span class='ocrx_word' id='word_1_721' title='bbox 1139 5586 1263 5645; x_wconf 87' lang='lat' dir='ltr'>ordinem</span> <span class='ocrx_word' id='word_1_722' title='bbox 1287 5585 1430 5645; x_wconf 83' lang='lat' dir='ltr'>llattbaus</span> <span class='ocrx_word' id='word_1_723' title='bbox 1452 5584 1514 5641; x_wconf 91' lang='lat' dir='ltr'>ideo</span> <span class='ocrx_word' id='word_1_724' title='bbox 1542 5582 1571 5636; x_wconf 91' lang='lat' dir='ltr'>in</span> <span class='ocrx_word' id='word_1_725' title='bbox 1585 5580 1700 5639; x_wconf 83' lang='lat' dir='ltr'>exordio</span> <span class='ocrx_word' id='word_1_726' title='bbox 1721 5579 1765 5639; x_wconf 88' lang='lat' dir='ltr'>sui</span> <span class='ocrx_word' id='word_1_727' title='bbox 1811 5574 1816 5587; x_wconf 92' lang='grc'><strong>’</strong></span> 
     </span>
    </p>
   </div>
   <div class='ocr_carea' id='block_1_13' title="bbox 0 0 1892 6112">
    <p class='ocr_par' dir='ltr' id='par_1_13' title="bbox 0 0 1892 6112">
     <span class='ocr_line' id='line_1_54' title="bbox 0 0 1892 6112; baseline 0 0"><span class='ocrx_word' id='word_1_728' title='bbox 0 0 1892 6112; x_wconf 95' lang='lat' dir='ltr'> </span> 
     </span>
    </p>
   </div>
  </div>
 </body>
</html>
