3772 6112
115 209 184 263 ldbD
203 199 213 218 ’

717 212 764 267 DE
778 211 971 269 VlSlONlBUS
987 214 1139 274 wirrtrtt.

1692 226 1761 281 lb'lb

120 330 144 386 Ο
160 346 238 386 mens
252 331 320 386 orba
333 331 483 401 hominum,
501 349 555 404 quo
570 341 596 388 te
612 332 748 390 deducere
762 350 866 393 caecum
929 337 1060 412 ASurgit
1071 341 1107 397 ab
1123 343 1248 399 excubitu
1262 358 1365 415 pronus
1374 346 1473 402 tellure
1487 349 1660 416 recumbens,

120 420 243 491 ExpetiS,
260 428 287 475 et
302 421 380 490 cujus
396 421 545 476 retinentur
560 422 651 478 sidera
667 433 771 495 septem

120 509 152 563 ln
165 508 267 581 palma,
284 510 357 565 hunc
371 509 511 566 inimicitia
526 511 662 566 aversaris
674 528 776 579 amara,

120 599 156 654 Et
169 614 232 655 cum
245 597 307 655 luce
321 615 411 666 cares,
427 600 548 656 tenebris
563 601 742 657 circumdaris
752 603 828 672 atris,

970 429 1001 483 ln
1013 431 1168 503 patulaeque
1183 433 1273 490 crucis
1288 434 1447 491 distendens
1460 437 1584 492 membra
1594 436 1728 511 liguram:

968 522 1029 576 Jam
1044 527 1098 576 tota
1113 521 1221 592 virtute,
1238 521 1299 588 viri,
1317 539 1399 595 prece
1409 540 1494 596 posco
1508 523 1653 598 frequenti,

969 609 1068 680 lnquit,
1084 610 1240 678 adorantes,
1256 612 1364 669 veniam
1379 613 1517 684 deposcite
1532 613 1621 681 nobis,

119 686 473 761 llleferoxque,rapaxque,
483 690 920 764 minax,menoaxque,sagaxque
969 700 1089 755 lntentas
1097 700 1211 757 formate
1225 718 1333 774 preces,
1350 701 1493 758 clementia
1504 719 1601 775 magna
1616 711 1668 761 est.

121 775 233 831 Finibus
247 776 380 832 insidians
395 776 479 834 fundo
494 786 521 834 te
536 778 634 852 tinguit
649 779 751 847 averni,

120 866 156 920 At
170 865 303 921 Dominus
319 867 342 920 si
357 866 455 922 ductor
470 867 533 936 erit,
545 867 700 923 transmittit
715 866 842 940 Olympo.

121 952 170 1009 llle
185 953 270 1028 igitur
284 955 349 1009 dum
364 963 439 1011 tanta
454 956 562 1011 minans
575 957 708 1028 promittit
721 957 829 1025 inermi,

120 1043 212 1098 Turba
227 1044 384 1100 catervatim
399 1043 508 1115 piceum
518 1045 646 1101 comitata
660 1046 821 1119 magistrum

120 1130 242 1200 effluxit,
259 1141 401 1204 totumque
417 1133 506 1189 locum
521 1141 592 1189 tetro
608 1134 718 1207 agmine
734 1133 851 1205 supplet,

126 1221 231 1276 Annati
246 1221 320 1277 velut
335 1221 362 1276 in
377 1222 480 1277 bellum
491 1231 656 1295 curruntque
674 1238 725 1294 per
738 1222 838 1293 aulam,

122 1310 257 1366 structuri
272 1318 418 1383 angustum
433 1310 549 1382 poenalis
559 1311 679 1367 carceris
694 1320 800 1366 antrum

121 1399 203 1454 Nulla
217 1397 402 1472 relinquentes
413 1399 534 1471 fugiendi
550 1401 622 1456 dona
636 1415 777 1470 pavorem.

122 1487 172 1543 llic
186 1487 263 1544 locus
278 1488 397 1544 insinuat
411 1488 529 1560 Solymae
544 1489 617 1560 quod
632 1489 699 1543 dixit
712 1489 789 1544 lesus
805 1505 813 1544 t

122 1575 196 1632 Ecce
212 1577 272 1632 dies
285 1577 406 1645 venient,
423 1584 450 1633 et
465 1585 493 1632 tu
509 1577 677 1633 circumdata
690 1577 761 1634 vallo

969 789 1146 861 Conspiciunt
1162 790 1244 864 igitur
1259 798 1333 847 tanto
1348 800 1454 848 terrore
1469 800 1634 865 gementem,

969 879 1098 934 Cantibus
1108 879 1246 948 insistunt,
1263 880 1422 953 palmasque
1434 881 1461 936 in
1476 880 1565 937 sidera
1584 881 1706 950 tendunt,

969 968 1119 1025 Cantantur
1128 978 1233 1041 septem
1249 969 1432 1042 lacrymarum
1447 971 1577 1039 carmina,
1594 987 1712 1028 necnon

968 1059 1088 1114 Plurima
1101 1058 1269 1131 psalmorum
1285 1059 1470 1114 modulamina
1484 1057 1598 1116 firmiter
1611 1061 1723 1117 addunt.

970 1146 1037 1217 Qum
1047 1155 1117 1203 tanta
1127 1148 1247 1203 anxietas
1262 1148 1313 1203 sibi
1328 1148 1484 1204 continuare
1499 1149 1622 1221 requirit.

969 1237 1044 1292 Tunc
1059 1237 1176 1293 surrexit
1190 1239 1282 1298 humo.
1298 1237 1424 1309 lectoque
1440 1238 1540 1293 resedit
1550 1238 1675 1309 anhelus,

969 1325 1153 1398 Exposcitque
1168 1325 1224 1398 legi
1240 1325 1291 1380 sibi
1306 1326 1390 1381 rerba
1403 1326 1550 1382 novissima
1559 1328 1656 1384 sancti.

970 1415 1106 1486 Gregorii,
1123 1414 1267 1484 inscripto
1283 1415 1355 1487 quod
1371 1414 1494 1471 noscitur
1508 1415 1580 1471 illius
1595 1433 1667 1484 esse,

970 1502 1109 1576 Dialogus,
1127 1519 1181 1574 quo
1195 1503 1281 1558 multa
1295 1502 1373 1558 bouis
1392 1503 1555 1559 documenta
1564 1504 1694 1563 ministris

970 1592 1135 1658 construxit,
1152 1591 1303 1664 mortisque
1317 1592 1384 1647 situs
1399 1608 1449 1663 per
1462 1592 1544 1648 multa
1559 1594 1674 1651 serebat.

122 1664 235 1721 Laberis
247 1683 333 1740 usque
350 1666 448 1733 ⁵⁰¹l¹¹¹¹2
465 1666 557 1740 Sladl‘l
571 1666 734 1723 m³⁰¹flbi¹¹¹f
748 1665 847 1736 infami
933 1697 960 1757 B
973 1681 1091 1736 Grandis
1105 1680 1132 1735 in
1147 1681 1199 1737 hoc
1209 1680 1280 1736 libro
1294 1681 1415 1752 perlecta
1428 1688 1469 1737 est
1477 1681 1557 1738 lectio
1573 1681 1658 1738 fratri.

122 1755 156 1809 lit
171 1754 241 1825 lapis
251 1771 312 1810 esse
324 1772 407 1826 super
422 1754 542 1826 lapidem
557 1756 608 1811 lrac
624 1763 716 1828 strage
730 1763 848 1811 vetatur.

122 1843 192 1898 Urbs
203 1844 332 1911 animam,
349 1844 456 1915 lapides
469 1851 602 1900 tractatus
618 1860 715 1915 nempe
732 1843 861 1916 figurant,

122 1931 217 1987 Vallus
236 1932 264 1987 in
279 1948 412 2006 angorem
427 1933 533 2003 positus
548 1933 718 2005 dignoscitur
732 1948 814 2001 esse3

122 2020 284 2078 Destructor
298 2037 360 2077 nam
374 2022 483 2077 daemon
498 2021 558 2087 erit,
576 2021 723 2077 destructio
737 2019 808 2088 finis,

122 2109 221 2167 Evenit
236 2111 287 2166 boc
303 2110 343 2165 illi
360 2110 405 2182 qui
421 2119 516 2166 notum
527 2110 630 2182 speruit
643 2111 743 2165 lesum.

971 1769 1046 1826 Tunc
1060 1769 1106 1839 ait,
1124 1786 1183 1836 oro,
1200 1770 1304 1839 Patres,
1318 1770 1473 1842 componite
1487 1786 1604 1843 corpora
1617 1780 1705 1842 terre,

971 1859 1059 1931 Atque
1070 1859 1159 1930 quiete
1175 1873 1286 1931 gatiam
1301 1857 1408 1930 placida
1422 1859 1540 1916 relevate
1555 1860 1689 1918 laborem.

971 1947 1006 2003 Et
1020 1947 1085 2002 mihi
1102 1948 1173 2018 quod
1184 1954 1268 2001 restat
1282 1944 1400 2017 spatium
1416 1948 1558 2004 concedite
1573 1950 1671 2017 noctis,

972 2035 1078 2108 Corpus
1093 2035 1281 2091 utinvalidum
1296 2051 1401 2093 sommo
1416 2046 1546 2107 pascatur
1560 2038 1643 2096 inani.

974 2127 1117 2196 Postquam
1132 2125 1205 2180 lassa
1219 2139 1268 2180 suo
1277 2133 1450 2196 prosternunt
1465 2127 1588 2182 membra
1601 2144 1715 2201 papyro,

124 2197 173 2254 His
187 2199 256 2255 ⁸⁰²ss
271 2199 353 2255 lim&
366 2215 452 2271 opera
468 2199 508 2272 [F.
525 2198 584 2272 0¹⁰]
595 2200 703 2271 fremit,
712 2203 923 2270 l³³V0f⁰⁰⁰¹¹lll²t
973 2214 1089 2287 Ipseque
1105 2222 1159 2268 tam
1174 2213 1247 2268 diros
1261 2213 1359 2269 animae
1372 2215 1518 2287 carnisque
1531 2215 1640 2273 labores

800 2295 875 2343 ortus

123 2377 192 2449 Spes
204 2377 262 2447 jam
277 2375 352 2433 nulla
367 2375 417 2432 fuit
431 2377 539 2449 nigram
555 2376 638 2432 nitere
655 2286 801 2446 catervam[,
878 2330 885 2354 ’

124 2465 178 2522 Sed
194 2466 286 2522 divina
301 2466 356 2522 cito
370 2466 480 2522 aduenit
494 2466 638 2521 clementia
652 2482 745 2534 cursu,

121 2555 237 2610 Viderat
253 2555 281 2609 in
295 2554 364 2610 cella
381 2556 531 2611 monachos
550 2554 654 2610 sedisse
669 2554 786 2610 nitentes

973 2304 1045 2360 Dum
1059 2318 1184 2359 recreare
1199 2302 1282 2374 cupit,
1299 2303 1429 2359 coelomm
1445 2319 1460 2360 e
1475 2302 1593 2363 culmine
1606 2304 1717 2374 missus,

974 2392 1098 2464 Angelus
1108 2391 1200 2447 albato
1214 2392 1312 2448 vestitu
1327 2392 1400 2448 venit
1414 2393 1539 2461 amictus,

975 2482 1114 2537 llssistens
1129 2480 1220 2552 capiti,
1237 2481 1282 2553 qui
1296 2480 1386 2537 visum
1402 2481 1430 2536 in
1440 2490 1516 2539 veste
1531 2482 1653 2555 priorem

974 2572 1113 2643 Purpurea
1127 2570 1253 2637 ostendit,
1268 2570 1345 2640 iuxta
1361 2571 1475 2644 vestigia
1486 2572 1592 2643 stando,

126 2643 223 2699 F⁰¹l¹¹³
238 2643 338 2715 quibu-⁰*
354 2644 473 2713 radim&
488 2643 652 2715 habillssflue
667 2643 777 2716 ign⁰¹¹¹⁵
787 2642 816 2698 5¹1
830 2641 923 2712 armis,
975 2660 1134 2733 Blandaque
1150 2660 1284 2717 dictorum
1298 2660 1436 2732 premittit
1449 2661 1536 2717 verbe
1550 2677 1680 2730 suomm;

123 2732 199 2788 Unus
213 2733 260 2802 ait,
281 2732 373 2787 media
387 2749 469 2805 quem
484 2747 543 2788 sors
558 2731 586 2788 in
602 2731 668 2788 sede
681 2731 781 2788 locarit
796 2751 803 2799 ς

127 2822 181 2877 Res
195 2821 292 2892 injusta
309 2829 392 2893 patet,
411 2821 494 2895 fugite
504 2821 547 2876 his
562 2821 675 2877 sedibus
689 2823 792 2887 hostes,

125 2911 175 2966 llic
191 2911 272 2967 homo
288 2918 376 2965 sumet
392 2911 482 2966 adhuc
496 2910 576 2980 hujus
596 2909 759 2981 compendia
775 2908 847 2965 uita.

126 2997 174 3053 llis
192 2997 281 3064 dictis,
298 2998 413 3055 velutin
429 2998 527 3054 vallem
542 3015 604 3054 cum
618 2999 730 3070 lympha
744 2996 863 3054 minator

127 3088 234 3154 Fertur,
251 3088 287 3143 ab
297 3096 410 3159 aspectu
426 3087 522 3142 subitis
537 3087 706 3143 discessibus
721 3103 820 3161 agmen

129 3176 228 3242 Cessit,
244 3184 269 3232 et
288 3177 422 3247 anxietas,
433 3177 597 3247 tandemque
613 3176 730 3232 decoms
744 3176 773 3230 in
787 3174 877 3231 aulam

126 3266 248 3339 Angelus
262 3265 417 3339 ingreditur
433 3265 540 3339 fulgens
555 3264 582 3319 in
598 3273 674 3320 veste
685 3264 802 3334 rubenti,

129 3354 277 3411 Gressibus
291 3355 431 3420 insistens,
449 3370 575 3410 sermone
587 3353 717 3410 acclamat
728 3352 818 3409 amico
834 3371 841 3408 ε

125 3444 172 3510 Te,
189 3444 289 3500 dilecta
304 3444 406 3509 anima,
422 3445 475 3501 hoc
489 3451 627 3499 momento
642 3442 731 3499 risere
746 3442 818 3498 reni.

126 3534 202 3589 Talia
213 3533 316 3590 dicenti
332 3534 468 3590 recubans
483 3549 610 3589 sermone
624 3532 717 3587 Latino

975 2751 1078 2806 Laudat
1093 2759 1117 2806 et
1127 2751 1180 2806 hoc
1194 2749 1322 2815 studium,
1339 2750 1412 2822 quod
1427 2749 1594 2823 confugisset
1608 2750 1642 2807 ad
1666 2752 1776 2822 almum,

979 2839 1009 2895 ln
1023 2839 1151 2911 precibus
1161 2839 1319 2907 Dominum,
1338 2839 1411 2911 quod
1427 2839 1511 2896 lectio
1534 2848 1628 2897 sancta
1653 2840 1779 2912 placebat

978 2928 1111 3001 Tempore
1122 2944 1177 3001 quo
1191 2929 1313 3003 graviter
1327 2937 1433 2984 terrens
1447 2928 1573 3003 angustia
1588 2928 1705 3001 pressit;

979 3019 1038 3074 lloc
1053 3018 1186 3084 servabis,
1203 3018 1250 3086 ait,
1266 3034 1301 3076 ne
1315 3018 1521 3090 praetermiseris
1536 3018 1645 3089 exhinc,

980 3108 1010 3162 ln
1025 3106 1109 3162 multa
1120 3123 1229 3179 quoquc
1240 3116 1282 3164 est
1296 3107 1418 3179 psalmus
1433 3107 1579 3179 perfectior
1592 3123 1672 3176 uuus,

979 3195 1030 3251 Cui
1045 3194 1130 3251 virtus
1144 3196 1258 3252 moralis
1272 3196 1350 3266 inest,
1366 3204 1427 3268 post
1441 3195 1562 3253 carmina
1577 3205 1705 3253 constans
1720 3204 1734 3232 ⁸

980 3284 1777 3358 Septenaatquedecemcentumque;huncsaeperellectes,

979 3373 1072 3429 Lectio
1087 3390 1141 3444 quo
1156 3372 1267 3447 legitur,
1283 3373 1437 3446 psalmique
1452 3382 1586 3432 canuntur
1600 3381 1697 3448 aperta

977 3462 1129 3536 Veracique
1144 3459 1208 3528 tide,
1222 3463 1373 3533 jucundum
1388 3478 1487 3518 munus
1502 3464 1632 3533 habetur3

976 3552 1051 3608 'l'nlis
1066 3559 1092 3606 et
1106 3549 1141 3606 ad
1157 3551 1303 3606 Dominum
1316 3550 1417 3607 utiliter
1431 3549 1540 3608 devotio
1554 3550 1650 3622 fumat,

125 3622 250 3679 subdidit
269 3639 276 3678 ἴ
301 3621 481 3694 0¹¹¹¹15l³⁰tens
505 3622 605 3677 ”Oslfif
628 3621 652 3676 δί
672 3621 818 3694 ignoscere
837 3618 925 3692 οΗῙΙ)ἰ8
972 3644 1061 3715 Atque
1075 3648 1233 3696 serenatum
1247 3640 1300 3697 hoc
1314 3639 1403 3711 placat
1419 3640 1568 3697 certamine
1587 3640 1736 3700 Christum.

124 3713 267 3785 Dignatur,
277 3712 387 3784 pietatis
401 3727 470 3783 opus
485 3710 634 3782 perfectius
649 3718 751 3784 auger,

126 3801 173 3856 Sin
187 3802 265 3868 alias,
280 3816 374 3873 pugno
390 3801 579 3858 concludimur
593 3800 664 3855 illius
679 3815 784 3868 omnes,

125 3891 266 3962 lmpendat
281 3891 461 3962 quodcunque
476 3889 565 3961 placet
580 3890 773 3963 sequimurque
796 3878 921 3946 libenter.

124 3979 194 4034 Nam
208 3980 294 4051 prima
309 3979 396 4035 sancti
410 3979 571 4050 patriarche
585 3978 674 4034 fronte
689 3978 790 4046 statuti,

125 4069 191 4124 lnde
206 4069 401 4141 prophetarum
411 4068 537 4124 collectio
552 4077 647 4124 sancta
657 4068 789 4140 priorum,

125 4158 241 4214 Sanctus
255 4157 398 4229 apostolici
414 4157 522 4212 demum
538 4158 636 4230 globus
651 4157 766 4225 ordinis,
782 4172 877 4213 omnes

124 4247 157 4302 lli
167 4263 255 4320 genus
270 4247 417 4302 humanum
431 4245 517 4302 multo
531 4262 631 4302 uexere
641 4246 746 4317 labore,

124 4336 202 4392 Nunc
217 4335 299 4392 etiam
314 4335 416 4406 majora
431 4336 498 4407 petit
513 4335 647 4391 solamina
661 4351 793 4407 praesens.

68 4437 77 4452 ·
121 4425 262 4498 Colloquio
277 4425 305 4480 in
320 4425 411 4482 medio
429 4433 592 4496 rumpuntur
606 4425 663 4480 visa
677 4425 806 4491 duorum,

123 4513 250 4570 Nondum
264 4514 423 4582 verborum,
435 4514 484 4570 sed
499 4514 574 4569 visus
589 4512 650 4569 finis
662 4514 788 4581 habetur,

124 4602 252 4676 Evigilat,
269 4603 292 4658 si
307 4604 422 4676 quisque
433 4603 485 4658 sibi
500 4603 625 4674 quaesivit
638 4604 748 4659 adesset
765 4621 773 4670 ;

125 4692 198 4748 Vidit
211 4693 310 4748 adesse
325 4692 404 4760 duos,
420 4693 525 4749 cunctis
539 4692 585 4765 qui
599 4693 634 4748 ad
649 4700 732 4748 strata
748 4691 868 4748 reversis

123 4782 201 4838 Forte
216 4783 327 4838 domum
341 4782 487 4851 intrabant,
510 4798 627 4853 quorum
642 4790 706 4838 tuuc
730 4797 799 4837 unus
819 4781 847 4836 in
862 4780 921 4853 ipso

124 4872 256 4928 Coenobio
268 4880 423 4943 praepostus
438 4879 507 4941 erat,
523 4888 601 4927 meus
615 4872 674 4943 ipse
689 4871 832 4944 magister,

124 4960 265 5032 Praecipua
279 4960 399 5016 bonitate
416 4961 524 5033 vigens,
540 4967 566 5017 et
579 4961 704 5016 moribus
719 4977 815 5017 omnes

123 5049 297 5117 Praecellens,
309 5050 416 5107 latitare
430 5050 534 5121 volens,
550 5051 599 5106 sed
614 5057 694 5106 notus
704 5049 814 5122 ubique.

126 5137 256 5211 ltepperit
269 5141 342 5195 hunc
360 5139 498 5212 aliumque
520 5138 601 5195 domo
623 5134 774 5196 consistere
797 5137 920 5206 fratrem,

124 5227 281 5301 accitisque
295 5245 378 5285 cavas
394 5236 485 5284 utrum
495 5227 629 5299 jaculavit
643 5228 762 5285 inaures

124 5315 264 5389 Quidquid
278 5319 305 5373 in
320 5326 438 5392 angusto
453 5317 581 5390 cognovit
595 5319 727 5390 temporis
742 5325 814 5374 actu.

123 5406 221 5462 Palluit
230 5423 263 5465 ac
275 5407 374 5476 timuit,
390 5409 537 5480 carnisque
552 5407 648 5464 dolore
663 5414 777 5463 remoto.

151 5600 196 5648 ·to
210 5604 248 5650 est
257 5601 377 5650 existens.

1142 3798 1326 3857 Sacerdotem
1335 3815 1491 3872 pravorum
1502 3815 1602 3874 pone.

974 3934 1022 3992 llis
1035 3933 1118 4008 igitur
1134 3933 1213 3991 dictis
1228 3949 1371 3990 assumens
1386 3933 1502 4008 angelus
1517 3933 1590 3991 idem

973 4023 1124 4090 infirmum,
1136 4022 1266 4097 duxitque
1277 4023 1320 4080 via
1336 4039 1489 4095 praecessor
1504 4038 1623 4080 amoena.

973 4114 1044 4169 Dum
1058 4113 1168 4180 vadunt,
1183 4106 1314 4169 niontana
1328 4112 1419 4169 vident
1433 4129 1495 4186 quae
1504 4113 1596 4170 sidera
1611 4120 1736 4187 tangunt,

971 4202 1114 4258 Marmoris
1127 4202 1155 4257 in
1170 4201 1262 4275 specie
1275 4201 1392 4274 pulchro
1406 4201 1551 4259 commista
1565 4202 1668 4274 colore,

972 4291 1093 4365 Quaeque
1107 4292 1134 4347 in
1149 4291 1265 4349 circuitu
1279 4291 1449 4367 praecingens
1463 4290 1561 4365 igneus
1576 4290 1664 4348 amma

934 4421 961 4483 D
975 4380 1076 4448 Ambit,
1091 4381 1266 4437 inexhaustos
1281 4380 1404 4438 tribuens
1418 4379 1580 4436 intrantibus
1590 4379 1679 4454 ignea.

976 4472 1007 4526 lu
1021 4486 1074 4545 quo
1088 4470 1173 4526 multa
1187 4470 1269 4525 nimis
1282 4477 1433 4527 monstrata
1442 4477 1484 4525 est
1498 4467 1577 4525 turba
1590 4484 1709 4536 reorum,

971 4561 1056 4633 Inque
1072 4559 1139 4616 locis
1153 4558 1213 4614 aliis
1223 4558 1332 4614 diversa
1348 4557 1415 4615 facta
1431 4565 1579 4631 sequentes

971 4647 1088 4722 Agnovit
1102 4664 1205 4720 poenas,
1222 4647 1376 4721 multosque
1392 4646 1553 4704 recumbere
1568 4645 1672 4703 dudum

970 4736 1046 4808 Quos
1057 4736 1150 4792 habuit
1165 4744 1243 4794 notos
1259 4754 1266 4792 :
1283 4735 1321 4792 ibi
1336 4736 1424 4807 major
1441 4743 1467 4793 et
1477 4735 1545 4792 alter
1559 4735 1589 4792 in
1603 4735 1683 4792 undis

972 4825 1046 4882 Ordo
1060 4827 1243 4894 sacerdotum,
1259 4823 1369 4898 praefrxo
1385 4823 1475 4898 stipite
1494 4824 1611 4896 vinctus,

972 4917 1062 4990 Terga
1077 4915 1152 4972 dedit
1165 4915 1281 4985 vinclis;
1297 4930 1358 4987 quae
1372 4914 1446 4972 curis
1461 4929 1545 4970 carue
1560 4913 1688 4987 superbis

973 5005 1074 5061 Contra
1087 5021 1222 5078 quemque
1237 5005 1320 5071 stetit,
1335 5004 1434 5060 mulier
1443 5018 1494 5075 pro
1507 5002 1621 5062 crimine
1636 5004 1734 5079 stupri,

973 5095 1071 5152 Fames
1086 5095 1211 5151 adulterii
1224 5102 1266 5151 est
1281 5109 1395 5150 consors
1407 5090 1525 5165 poenalis
1543 5095 1662 5164 Averni3

974 5193 1065 5250 Tertia
1079 5209 1142 5250 cum
1157 5193 1248 5248 radios
1264 5207 1372 5265 semper
1383 5191 1544 5265 produxerit
1555 5207 1623 5249 aura

973 5292 1108 5350 Dicuntur
1120 5291 1189 5348 caedi
1204 5290 1367 5364 genitalibus
1382 5291 1495 5349 artubus
1510 5291 1602 5348 ambo.

974 5393 1110 5466 Equibus
1124 5389 1169 5447 ille
1185 5390 1292 5463 aliquos
1307 5406 1368 5447 sese
1381 5407 1517 5465 cognosse
1532 5389 1648 5447 ferebat.

975 5491 1072 5564 llagna
1087 5488 1259 5546 sacerdotum
1274 5504 1390 5546 numero
1404 5504 1480 5561 pars,
1496 5487 1611 5559 augelus
1626 5482 1723 5556 inquit,

975 5589 1063 5645 lucra
1070 5594 1165 5661 petunt
1173 5595 1293 5655 terrena,
1307 5586 1460 5661 quibusque
1475 5581 1775 5651 inhianturadbaerent,
