<?xml version="1.0" encoding="UTF-8"?>
<!DOCTYPE html PUBLIC "-//W3C//DTD XHTML 1.0 Transitional//EN"
    "http://www.w3.org/TR/xhtml1/DTD/xhtml1-transitional.dtd">
<html xmlns="http://www.w3.org/1999/xhtml" xml:lang="en" lang="en">
 <head>
  <title>
</title>
<meta http-equiv="Content-Type" content="text/html;charset=utf-8" />
  <meta name='ocr-system' content='tesseract 3.04.00' />
  <meta name='ocr-capabilities' content='ocr_page ocr_carea ocr_par ocr_line ocrx_word'/>
</head>
<body>
  <div class='ocr_page' id='page_1' title='image "./patrologiaecurs06saingoog_0497.png"; bbox 0 0 3772 6112; ppageno 0'>
   <div class='ocr_carea' id='block_1_1' title="bbox 150 193 1806 263">
    <p class='ocr_par' dir='ltr' id='par_1_1' title="bbox 150 193 1806 263">
     <span class='ocr_line' id='line_1_1' title="bbox 150 193 1806 263; baseline 0.005 -9"><span class='ocrx_word' id='word_1_1' title='bbox 150 201 202 255; x_wconf 77' lang='grc'><strong>983</strong></span> <span class='ocrx_word' id='word_1_2' title='bbox 373 193 576 252; x_wconf 78' lang='lat' dir='ltr'><strong>wautaalot</strong></span> <span class='ocrx_word' id='word_1_3' title='bbox 595 194 718 253; x_wconf 79' lang='lat' dir='ltr'><strong>stnaat</strong></span> <span class='ocrx_word' id='word_1_4' title='bbox 737 195 835 254; x_wconf 78' lang='lat' dir='ltr'><strong>FULD.</strong></span> <span class='ocrx_word' id='word_1_5' title='bbox 856 193 942 254; x_wconf 76' lang='lat' dir='ltr'><strong>MON.</strong></span> <span class='ocrx_word' id='word_1_6' title='bbox 963 193 1040 253; x_wconf 88' lang='lat' dir='ltr'><strong>OPP.</strong></span> <span class='ocrx_word' id='word_1_7' title='bbox 1060 197 1148 256; x_wconf 76' lang='lat' dir='ltr'>PARS</span> <span class='ocrx_word' id='word_1_8' title='bbox 1168 198 1203 256; x_wconf 86' lang='lat' dir='ltr'><strong>ll.</strong></span> <span class='ocrx_word' id='word_1_9' title='bbox 1222 228 1257 242; x_wconf 89' lang='lat'>—</span> <span class='ocrx_word' id='word_1_10' title='bbox 1275 198 1473 258; x_wconf 79' lang='lat' dir='ltr'><strong>utstotttct.</strong></span> <span class='ocrx_word' id='word_1_11' title='bbox 1756 207 1806 263; x_wconf 85' lang='lat' dir='ltr'><strong>att</strong></span> 
     </span>
    </p>
   </div>
   <div class='ocr_carea' id='block_1_2' title="bbox 151 320 1805 401">
    <p class='ocr_par' dir='ltr' id='par_1_2' title="bbox 151 320 1805 401">
     <span class='ocr_line' id='line_1_2' title="bbox 151 320 1805 401; baseline 0.004 -22"><span class='ocrx_word' id='word_1_12' title='bbox 151 337 203 394; x_wconf 90' lang='lat' dir='ltr'><strong>per</strong></span> <span class='ocrx_word' id='word_1_13' title='bbox 216 320 302 379; x_wconf 88' lang='lat' dir='ltr'><strong>multa</strong></span> <span class='ocrx_word' id='word_1_14' title='bbox 315 320 463 389; x_wconf 76' lang='lat' dir='ltr'><strong>laudasset,</strong></span> <span class='ocrx_word' id='word_1_15' title='bbox 479 321 608 378; x_wconf 88' lang='lat' dir='ltr'><strong>indicavit</strong></span> <span class='ocrx_word' id='word_1_16' title='bbox 628 337 729 378; x_wconf 92' lang='lat' dir='ltr'><strong>nomen</strong></span> <span class='ocrx_word' id='word_1_17' title='bbox 756 323 814 392; x_wconf 87' lang='lat' dir='ltr'><strong>ejus</strong></span> <span class='ocrx_word' id='word_1_18' title='bbox 842 322 993 397; x_wconf 75' lang='lat' dir='ltr'><strong>Erigon-A</strong></span> <span class='ocrx_word' id='word_1_19' title='bbox 1007 332 1076 380; x_wconf 90' lang='lat' dir='ltr'><strong>sent.</strong></span> <span class='ocrx_word' id='word_1_20' title='bbox 1093 324 1164 394; x_wconf 88' lang='lat' dir='ltr'><strong>Quin</strong></span> <span class='ocrx_word' id='word_1_21' title='bbox 1180 326 1262 381; x_wconf 91' lang='lat' dir='ltr'><strong>etiam</strong></span> <span class='ocrx_word' id='word_1_22' title='bbox 1275 326 1451 382; x_wconf 74' lang='lat' dir='ltr'><strong>adventantes</strong></span> <span class='ocrx_word' id='word_1_23' title='bbox 1466 327 1635 401; x_wconf 87' lang='lat' dir='ltr'><strong>peregrinos</strong></span> <span class='ocrx_word' id='word_1_24' title='bbox 1650 328 1805 398; x_wconf 74' lang='lat' dir='ltr'><strong>hujusmodi</strong></span> 
     </span>
    </p>
   </div>
   <div class='ocr_carea' id='block_1_3' title="bbox 154 411 1805 561">
    <p class='ocr_par' dir='ltr' id='par_1_3' title="bbox 154 411 1805 561">
     <span class='ocr_line' id='line_1_3' title="bbox 154 411 1805 491; baseline 0.005 -23"><span class='ocrx_word' id='word_1_25' title='bbox 154 411 232 468; x_wconf 91' lang='lat' dir='ltr'><strong>tium.</strong></span> <span class='ocrx_word' id='word_1_26' title='bbox 998 413 1068 484; x_wconf 87' lang='lat' dir='ltr'><strong>juvit</strong></span> <span class='ocrx_word' id='word_1_27' title='bbox 1082 414 1186 481; x_wconf 86' lang='lat' dir='ltr'><strong>solatio,</strong></span> <span class='ocrx_word' id='word_1_28' title='bbox 1210 423 1236 469; x_wconf 92' lang='lat' dir='ltr'><strong>et</strong></span> <span class='ocrx_word' id='word_1_29' title='bbox 1258 414 1292 470; x_wconf 91' lang='lat' dir='ltr'><strong>de</strong></span> <span class='ocrx_word' id='word_1_30' title='bbox 1313 415 1411 471; x_wconf 92' lang='lat' dir='ltr'><strong>eodem</strong></span> <span class='ocrx_word' id='word_1_31' title='bbox 1434 416 1529 473; x_wconf 89' lang='lat' dir='ltr'><strong>labore</strong></span> <span class='ocrx_word' id='word_1_32' title='bbox 1550 416 1685 475; x_wconf 84' lang='lat' dir='ltr'><strong>assiduas</strong></span> <span class='ocrx_word' id='word_1_33' title='bbox 1709 419 1805 491; x_wconf 89' lang='lat' dir='ltr'><strong>populo</strong></span> 
     </span>
     <span class='ocr_line' id='line_1_4' title="bbox 460 497 1354 561; baseline 0.004 -6"><span class='ocrx_word' id='word_1_34' title='bbox 460 497 572 555; x_wconf 78' lang='lat' dir='ltr'><strong>CAPUT</strong></span> <span class='ocrx_word' id='word_1_35' title='bbox 590 499 636 556; x_wconf 90' lang='lat' dir='ltr'><strong>vt.</strong></span> <span class='ocrx_word' id='word_1_36' title='bbox 1003 502 1208 561; x_wconf 88' lang='lat' dir='ltr'><strong>benedictiones</strong></span> <span class='ocrx_word' id='word_1_37' title='bbox 1223 503 1354 561; x_wconf 85' lang='lat' dir='ltr'><strong>exhibuit.</strong></span> 
     </span>
    </p>
   </div>
   <div class='ocr_carea' id='block_1_4' title="bbox 158 610 1504 694">
    <p class='ocr_par' dir='ltr' id='par_1_4' title="bbox 158 610 1504 694">
     <span class='ocr_line' id='line_1_5' title="bbox 158 610 1504 694; baseline -0.005 -14"><span class='ocrx_word' id='word_1_38' title='bbox 158 622 193 680; x_wconf 83' lang='lat' dir='ltr'><strong>ttc</strong></span> <span class='ocrx_word' id='word_1_39' title='bbox 207 620 336 678; x_wconf 84' lang='lat' dir='ltr'><strong>camdem</strong></span> <span class='ocrx_word' id='word_1_40' title='bbox 359 621 450 678; x_wconf 84' lang='lat' dir='ltr'><strong>locum</strong></span> <span class='ocrx_word' id='word_1_41' title='bbox 468 620 619 688; x_wconf 73' lang='lat' dir='ltr'><strong>odtcmnt,</strong></span> <span class='ocrx_word' id='word_1_42' title='bbox 637 620 745 694; x_wconf 84' lang='lat' dir='ltr'><strong>etquid</strong></span> <span class='ocrx_word' id='word_1_43' title='bbox 762 623 795 678; x_wconf 86' lang='lat' dir='ltr'><strong>in</strong></span> <span class='ocrx_word' id='word_1_44' title='bbox 813 624 954 678; x_wconf 84' lang='lat' dir='ltr'><strong>conuenta</strong></span> <span class='ocrx_word' id='word_1_45' title='bbox 1303 610 1417 668; x_wconf 77' lang='lat' dir='ltr'><strong>CAPUT</strong></span> <span class='ocrx_word' id='word_1_46' title='bbox 1445 612 1504 669; x_wconf 86' lang='lat' dir='ltr'><strong>Vll·</strong></span> 
     </span>
    </p>
   </div>
   <div class='ocr_carea' id='block_1_5' title="bbox 188 709 1805 876">
    <p class='ocr_par' dir='ltr' id='par_1_5' title="bbox 188 709 1805 876">
     <span class='ocr_line' id='line_1_6' title="bbox 190 709 1805 802; baseline 0.009 -35"><span class='ocrx_word' id='word_1_47' title='bbox 190 711 289 784; x_wconf 81' lang='lat' dir='ltr'><strong>populi</strong></span> <span class='ocrx_word' id='word_1_48' title='bbox 303 710 399 767; x_wconf 80' lang='lat' dir='ltr'><strong>bootes</strong></span> <span class='ocrx_word' id='word_1_49' title='bbox 416 709 512 767; x_wconf 82' lang='lat' dir='ltr'><strong>Cottas</strong></span> <span class='ocrx_word' id='word_1_50' title='bbox 522 711 624 781; x_wconf 78' lang='lat' dir='ltr'><strong>scocrtt</strong></span> <span class='ocrx_word' id='word_1_51' title='bbox 638 711 782 783; x_wconf 75' lang='lat' dir='ltr'><em>:qualiter</em></span> <span class='ocrx_word' id='word_1_52' title='bbox 796 711 954 768; x_wconf 86' lang='lat' dir='ltr'><strong>oratorium</strong></span> <span class='ocrx_word' id='word_1_53' title='bbox 1005 723 1078 794; x_wconf 57' lang='lat' dir='ltr'><strong>Quas</strong></span> <span class='ocrx_word' id='word_1_54' title='bbox 1093 724 1252 784; x_wconf 49' lang='lat' dir='ltr'><strong>daemonnm</strong></span> <span class='ocrx_word' id='word_1_55' title='bbox 1266 741 1344 783; x_wconf 64' lang='lat' dir='ltr'><strong>noros</strong></span> <span class='ocrx_word' id='word_1_56' title='bbox 1357 728 1454 784; x_wconf 73' lang='lat' dir='ltr'><strong>Gallos</strong></span> <span class='ocrx_word' id='word_1_57' title='bbox 1474 726 1612 795; x_wconf 69' lang='lat' dir='ltr'><strong>audierit,</strong></span> <span class='ocrx_word' id='word_1_58' title='bbox 1629 732 1657 787; x_wconf 78' lang='lat' dir='ltr'><strong>et</strong></span> <span class='ocrx_word' id='word_1_59' title='bbox 1674 730 1805 802; x_wconf 76' lang='lat' dir='ltr'><strong>quomodo</strong></span> 
     </span>
     <span class='ocr_line' id='line_1_7' title="bbox 188 798 1593 876; baseline 0.006 -20"><span class='ocrx_word' id='word_1_60' title='bbox 188 799 425 866; x_wconf 71' lang='lat' dir='ltr'><strong>restauremini,</strong></span> <span class='ocrx_word' id='word_1_61' title='bbox 446 801 475 855; x_wconf 90' lang='lat' dir='ltr'><strong>ct</strong></span> <span class='ocrx_word' id='word_1_62' title='bbox 491 798 620 872; x_wconf 81' lang='lat' dir='ltr'><strong>quandiu</strong></span> <span class='ocrx_word' id='word_1_63' title='bbox 640 799 743 856; x_wconf 71' lang='grc' dir='ltr'>ἱιὶάθπι</span> <span class='ocrx_word' id='word_1_64' title='bbox 759 801 952 857; x_wconf 78' lang='lat' dir='ltr'><strong>constiterint.</strong></span> <span class='ocrx_word' id='word_1_65' title='bbox 1218 815 1293 871; x_wconf 67' lang='lat' dir='ltr'><strong>roem</strong></span> <span class='ocrx_word' id='word_1_66' title='bbox 1312 832 1392 872; x_wconf 63' lang='lat' dir='ltr'><strong>error</strong></span> <span class='ocrx_word' id='word_1_67' title='bbox 1413 816 1593 876; x_wconf 60' lang='lat' dir='ltr'><strong>abscesserit,</strong></span> 
     </span>
    </p>
   </div>
   <div class='ocr_carea' id='block_1_6' title="bbox 148 930 1815 4039">
    <p class='ocr_par' dir='ltr' id='par_1_6' title="bbox 148 930 1815 4039">
     <span class='ocr_line' id='line_1_8' title="bbox 189 930 1807 1005; baseline 0.003 -18"><span class='ocrx_word' id='word_1_68' title='bbox 189 930 246 988; x_wconf 87' lang='lat' dir='ltr'><strong>illis</strong></span> <span class='ocrx_word' id='word_1_69' title='bbox 261 930 467 1002; x_wconf 89' lang='lat' dir='ltr'><strong>igiturillucire</strong></span> <span class='ocrx_word' id='word_1_70' title='bbox 482 932 663 1003; x_wconf 88' lang='lat' dir='ltr'><strong>cupientibus,</strong></span> <span class='ocrx_word' id='word_1_71' title='bbox 682 933 790 1004; x_wconf 90' lang='lat' dir='ltr'><strong>paravit</strong></span> <span class='ocrx_word' id='word_1_72' title='bbox 811 932 957 1005; x_wconf 81' lang='lat' dir='ltr'><strong>presbyter</strong></span> <span class='ocrx_word' id='word_1_73' title='bbox 1041 932 1075 986; x_wconf 79' lang='lat' dir='ltr'><strong>tt</strong></span> <span class='ocrx_word' id='word_1_74' title='bbox 1096 931 1160 984; x_wconf 92' lang='lat' dir='ltr'><strong>dum</strong></span> <span class='ocrx_word' id='word_1_75' title='bbox 1187 931 1304 1002; x_wconf 90' lang='lat' dir='ltr'><strong>quodam</strong></span> <span class='ocrx_word' id='word_1_76' title='bbox 1323 938 1445 1003; x_wconf 89' lang='lat' dir='ltr'><strong>tempore</strong></span> <span class='ocrx_word' id='word_1_77' title='bbox 1466 933 1534 988; x_wconf 85' lang='lat' dir='ltr'><strong>ratio</strong></span> <span class='ocrx_word' id='word_1_78' title='bbox 1558 950 1609 988; x_wconf 89' lang='lat' dir='ltr'><strong>sua</strong></span> <span class='ocrx_word' id='word_1_79' title='bbox 1633 933 1755 991; x_wconf 88' lang='lat' dir='ltr'><strong>mitteret</strong></span> <span class='ocrx_word' id='word_1_80' title='bbox 1780 936 1807 992; x_wconf 88' lang='lat' dir='ltr'><strong>iu</strong></span> 
     </span>
     <span class='ocr_line' id='line_1_9' title="bbox 154 1017 1808 1097; baseline 0.003 -20"><span class='ocrx_word' id='word_1_81' title='bbox 154 1020 306 1078; x_wconf 72' lang='lat' dir='ltr'><strong>nauculam</strong></span> <span class='ocrx_word' id='word_1_82' title='bbox 322 1027 347 1076; x_wconf 91' lang='lat' dir='ltr'><strong>et</strong></span> <span class='ocrx_word' id='word_1_83' title='bbox 369 1021 498 1092; x_wconf 84' lang='lat' dir='ltr'><strong>imposuit</strong></span> <span class='ocrx_word' id='word_1_84' title='bbox 523 1022 653 1095; x_wconf 81' lang='lat' dir='ltr'><strong>remiges.</strong></span> <span class='ocrx_word' id='word_1_85' title='bbox 677 1021 846 1078; x_wconf 89' lang='lat' dir='ltr'><strong>Venerabilis</strong></span> <span class='ocrx_word' id='word_1_86' title='bbox 867 1029 956 1078; x_wconf 90' lang='lat' dir='ltr'><strong>autem</strong></span> <span class='ocrx_word' id='word_1_87' title='bbox 1005 1017 1120 1092; x_wconf 89' lang='lat' dir='ltr'><strong>pelagus</strong></span> <span class='ocrx_word' id='word_1_88' title='bbox 1134 1018 1162 1072; x_wconf 90' lang='lat' dir='ltr'><strong>in</strong></span> <span class='ocrx_word' id='word_1_89' title='bbox 1177 1019 1284 1075; x_wconf 91' lang='lat' dir='ltr'><strong>silentio</strong></span> <span class='ocrx_word' id='word_1_90' title='bbox 1299 1020 1396 1088; x_wconf 90' lang='lat' dir='ltr'><strong>noctis,</strong></span> <span class='ocrx_word' id='word_1_91' title='bbox 1412 1020 1514 1076; x_wconf 89' lang='lat' dir='ltr'><strong>audivit</strong></span> <span class='ocrx_word' id='word_1_92' title='bbox 1530 1022 1688 1079; x_wconf 76' lang='lat' dir='ltr'><strong>damonem</strong></span> <span class='ocrx_word' id='word_1_93' title='bbox 1711 1039 1808 1097; x_wconf 86' lang='lat' dir='ltr'><strong>magno</strong></span> 
     </span>
     <span class='ocr_line' id='line_1_10' title="bbox 155 1107 1808 1183; baseline 0.003 -18"><span class='ocrx_word' id='word_1_94' title='bbox 155 1109 304 1165; x_wconf 88' lang='lat' dir='ltr'><strong>abbacum</strong></span> <span class='ocrx_word' id='word_1_95' title='bbox 320 1109 464 1165; x_wconf 85' lang='lat' dir='ltr'><strong>comitibus</strong></span> <span class='ocrx_word' id='word_1_96' title='bbox 484 1109 563 1166; x_wconf 88' lang='lat' dir='ltr'><strong>Gallo</strong></span> <span class='ocrx_word' id='word_1_97' title='bbox 579 1119 606 1165; x_wconf 91' lang='lat' dir='ltr'><strong>et</strong></span> <span class='ocrx_word' id='word_1_98' title='bbox 630 1112 746 1182; x_wconf 89' lang='lat' dir='ltr'><strong>quodam</strong></span> <span class='ocrx_word' id='word_1_99' title='bbox 771 1110 886 1168; x_wconf 89' lang='lat' dir='ltr'><strong>diacono</strong></span> <span class='ocrx_word' id='word_1_100' title='bbox 909 1127 957 1165; x_wconf 90' lang='lat' dir='ltr'><strong>na·</strong></span> <span class='ocrx_word' id='word_1_101' title='bbox 1006 1108 1082 1164; x_wconf 88' lang='lat' dir='ltr'><strong>vocis</strong></span> <span class='ocrx_word' id='word_1_102' title='bbox 1096 1107 1209 1179; x_wconf 89' lang='lat' dir='ltr'><strong>strepitu</strong></span> <span class='ocrx_word' id='word_1_103' title='bbox 1224 1108 1258 1164; x_wconf 93' lang='lat' dir='ltr'><strong>de</strong></span> <span class='ocrx_word' id='word_1_104' title='bbox 1279 1109 1381 1166; x_wconf 90' lang='lat' dir='ltr'><strong>vertice</strong></span> <span class='ocrx_word' id='word_1_105' title='bbox 1403 1110 1504 1167; x_wconf 88' lang='lat' dir='ltr'><strong>montis</strong></span> <span class='ocrx_word' id='word_1_106' title='bbox 1525 1112 1644 1183; x_wconf 85' lang='lat' dir='ltr'><strong>proximi</strong></span> <span class='ocrx_word' id='word_1_107' title='bbox 1667 1123 1808 1170; x_wconf 88' lang='lat' dir='ltr'><strong>vocantem</strong></span> 
     </span>
     <span class='ocr_line' id='line_1_11' title="bbox 157 1198 1807 1274; baseline 0.002 -19"><span class='ocrx_word' id='word_1_108' title='bbox 157 1214 219 1255; x_wconf 90' lang='lat' dir='ltr'><strong>vem</strong></span> <span class='ocrx_word' id='word_1_109' title='bbox 235 1199 424 1255; x_wconf 89' lang='lat' dir='ltr'><strong>conscendens</strong></span> <span class='ocrx_word' id='word_1_110' title='bbox 445 1199 569 1255; x_wconf 88' lang='lat' dir='ltr'><strong>invocato</strong></span> <span class='ocrx_word' id='word_1_111' title='bbox 590 1200 700 1255; x_wconf 90' lang='lat' dir='ltr'><strong>nominc</strong></span> <span class='ocrx_word' id='word_1_112' title='bbox 721 1200 839 1270; x_wconf 83' lang='lat' dir='ltr'><strong>Domini,</strong></span> <span class='ocrx_word' id='word_1_113' title='bbox 863 1200 898 1255; x_wconf 89' lang='lat' dir='ltr'><strong>ad</strong></span> <span class='ocrx_word' id='word_1_114' title='bbox 920 1199 958 1255; x_wconf 81' lang='lat' dir='ltr'><strong>lo</strong></span> <span class='ocrx_word' id='word_1_115' title='bbox 1007 1198 1153 1270; x_wconf 90' lang='lat' dir='ltr'><strong>quemdam</strong></span> <span class='ocrx_word' id='word_1_116' title='bbox 1167 1198 1455 1254; x_wconf 83' lang='lat' dir='ltr'><strong>altemmmominatim</strong></span> <span class='ocrx_word' id='word_1_117' title='bbox 1469 1201 1548 1272; x_wconf 86' lang='lat' dir='ltr'><strong>quasi</strong></span> <span class='ocrx_word' id='word_1_118' title='bbox 1561 1200 1590 1255; x_wconf 94' lang='lat' dir='ltr'><strong>in</strong></span> <span class='ocrx_word' id='word_1_119' title='bbox 1608 1202 1712 1274; x_wconf 88' lang='lat' dir='ltr'><strong>pelago</strong></span> <span class='ocrx_word' id='word_1_120' title='bbox 1733 1218 1807 1259; x_wconf 85' lang='lat' dir='ltr'><strong>corn·</strong></span> 
     </span>
     <span class='ocr_line' id='line_1_12' title="bbox 157 1287 1807 1363; baseline 0.002 -19"><span class='ocrx_word' id='word_1_121' title='bbox 157 1302 219 1344; x_wconf 91' lang='lat' dir='ltr'><strong>eum</strong></span> <span class='ocrx_word' id='word_1_122' title='bbox 235 1288 421 1343; x_wconf 88' lang='lat' dir='ltr'><strong>desideratum</strong></span> <span class='ocrx_word' id='word_1_123' title='bbox 436 1288 478 1344; x_wconf 89' lang='lat' dir='ltr'><strong>vio</strong></span> <span class='ocrx_word' id='word_1_124' title='bbox 493 1296 569 1344; x_wconf 92' lang='lat' dir='ltr'><strong>recta</strong></span> <span class='ocrx_word' id='word_1_125' title='bbox 583 1289 716 1358; x_wconf 90' lang='lat' dir='ltr'><strong>pervenit.</strong></span> <span class='ocrx_word' id='word_1_126' title='bbox 732 1288 844 1362; x_wconf 81' lang='lat' dir='ltr'><strong>Egressi</strong></span> <span class='ocrx_word' id='word_1_127' title='bbox 859 1289 893 1344; x_wconf 90' lang='lat' dir='ltr'><strong>de</strong></span> <span class='ocrx_word' id='word_1_128' title='bbox 907 1303 955 1343; x_wconf 91' lang='lat' dir='ltr'><strong>na·</strong></span> <span class='ocrx_word' id='word_1_129' title='bbox 1007 1294 1166 1342; x_wconf 88' lang='lat' dir='ltr'><strong>morantem.</strong></span> <span class='ocrx_word' id='word_1_130' title='bbox 1197 1287 1319 1358; x_wconf 85' lang='lat' dir='ltr'><strong>Cumque</strong></span> <span class='ocrx_word' id='word_1_131' title='bbox 1333 1294 1360 1343; x_wconf 91' lang='lat' dir='ltr'><strong>et</strong></span> <span class='ocrx_word' id='word_1_132' title='bbox 1374 1288 1398 1342; x_wconf 92' lang='lat' dir='ltr'><strong>is</strong></span> <span class='ocrx_word' id='word_1_133' title='bbox 1412 1289 1457 1360; x_wconf 90' lang='lat' dir='ltr'><strong>qui</strong></span> <span class='ocrx_word' id='word_1_134' title='bbox 1483 1290 1634 1346; x_wconf 90' lang='lat' dir='ltr'><strong>vocabatur</strong></span> <span class='ocrx_word' id='word_1_135' title='bbox 1657 1299 1758 1363; x_wconf 86' lang='lat' dir='ltr'><strong>praesto</strong></span> <span class='ocrx_word' id='word_1_136' title='bbox 1779 1309 1807 1348; x_wconf 90' lang='lat' dir='ltr'><strong>se</strong></span> 
     </span>
     <span class='ocr_line' id='line_1_13' title="bbox 158 1374 1809 1454; baseline 0.004 -23"><span class='ocrx_word' id='word_1_137' title='bbox 158 1375 258 1443; x_wconf 86' lang='lat' dir='ltr'><strong>viculo,</strong></span> <span class='ocrx_word' id='word_1_138' title='bbox 275 1376 424 1432; x_wconf 89' lang='lat' dir='ltr'><strong>oratorium</strong></span> <span class='ocrx_word' id='word_1_139' title='bbox 437 1377 465 1431; x_wconf 95' lang='lat' dir='ltr'><strong>in</strong></span> <span class='ocrx_word' id='word_1_140' title='bbox 480 1377 612 1432; x_wconf 90' lang='lat' dir='ltr'><strong>honorem</strong></span> <span class='ocrx_word' id='word_1_141' title='bbox 636 1385 736 1434; x_wconf 83' lang='lat' dir='ltr'><strong>sanctae</strong></span> <span class='ocrx_word' id='word_1_142' title='bbox 757 1376 874 1434; x_wconf 76' lang='lat' dir='ltr'><strong>noveta</strong></span> <span class='ocrx_word' id='word_1_143' title='bbox 894 1392 960 1432; x_wconf 92' lang='lat' dir='ltr'><strong>con·</strong></span> <span class='ocrx_word' id='word_1_144' title='bbox 1008 1391 1070 1432; x_wconf 90' lang='lat' dir='ltr'><strong>esse</strong></span> <span class='ocrx_word' id='word_1_145' title='bbox 1084 1375 1163 1448; x_wconf 91' lang='lat' dir='ltr'><strong>quasi</strong></span> <span class='ocrx_word' id='word_1_146' title='bbox 1184 1375 1218 1431; x_wconf 90' lang='lat' dir='ltr'><strong>de</strong></span> <span class='ocrx_word' id='word_1_147' title='bbox 1237 1374 1297 1432; x_wconf 89' lang='lat' dir='ltr'><strong>lacu</strong></span> <span class='ocrx_word' id='word_1_148' title='bbox 1319 1376 1521 1448; x_wconf 87' lang='lat' dir='ltr'><strong>responderet:</strong></span> <span class='ocrx_word' id='word_1_149' title='bbox 1543 1379 1700 1452; x_wconf 87' lang='lat' dir='ltr'><strong>Consurge,</strong></span> <span class='ocrx_word' id='word_1_150' title='bbox 1724 1380 1809 1454; x_wconf 87' lang='lat' dir='ltr'><strong>inquit</strong></span> 
     </span>
     <span class='ocr_line' id='line_1_14' title="bbox 161 1463 1808 1540; baseline 0.003 -20"><span class='ocrx_word' id='word_1_151' title='bbox 161 1472 292 1521; x_wconf 86' lang='lat' dir='ltr'><strong>structum</strong></span> <span class='ocrx_word' id='word_1_152' title='bbox 309 1464 443 1532; x_wconf 91' lang='lat' dir='ltr'><strong>adierunt,</strong></span> <span class='ocrx_word' id='word_1_153' title='bbox 459 1465 534 1538; x_wconf 88' lang='lat' dir='ltr'><strong>quod</strong></span> <span class='ocrx_word' id='word_1_154' title='bbox 549 1466 722 1537; x_wconf 90' lang='lat' dir='ltr'><strong>postmodum</strong></span> <span class='ocrx_word' id='word_1_155' title='bbox 738 1467 833 1521; x_wconf 91' lang='lat' dir='ltr'><strong>beatus</strong></span> <span class='ocrx_word' id='word_1_156' title='bbox 855 1465 961 1521; x_wconf 91' lang='lat' dir='ltr'><strong>Colum·</strong></span> <span class='ocrx_word' id='word_1_157' title='bbox 1009 1463 1064 1531; x_wconf 88' lang='lat' dir='ltr'><strong>ille,</strong></span> <span class='ocrx_word' id='word_1_158' title='bbox 1081 1464 1108 1519; x_wconf 91' lang='lat' dir='ltr'><strong>in</strong></span> <span class='ocrx_word' id='word_1_159' title='bbox 1123 1464 1283 1533; x_wconf 89' lang='lat' dir='ltr'><strong>adjutorium</strong></span> <span class='ocrx_word' id='word_1_160' title='bbox 1298 1465 1374 1535; x_wconf 87' lang='lat' dir='ltr'><strong>mihi,</strong></span> <span class='ocrx_word' id='word_1_161' title='bbox 1389 1474 1418 1519; x_wconf 92' lang='lat' dir='ltr'><strong>ut</strong></span> <span class='ocrx_word' id='word_1_162' title='bbox 1442 1467 1605 1540; x_wconf 88' lang='lat' dir='ltr'><strong>peregrinos</strong></span> <span class='ocrx_word' id='word_1_163' title='bbox 1629 1467 1699 1523; x_wconf 91' lang='lat' dir='ltr'><strong>istos</strong></span> <span class='ocrx_word' id='word_1_164' title='bbox 1716 1470 1808 1539; x_wconf 87' lang='lat' dir='ltr'><strong>ejicia-</strong></span> 
     </span>
     <span class='ocr_line' id='line_1_15' title="bbox 162 1552 1806 1629; baseline 0.003 -20"><span class='ocrx_word' id='word_1_165' title='bbox 162 1553 250 1609; x_wconf 92' lang='lat' dir='ltr'><strong>banus</strong></span> <span class='ocrx_word' id='word_1_166' title='bbox 265 1552 293 1610; x_wconf 91' lang='lat' dir='ltr'><strong>in</strong></span> <span class='ocrx_word' id='word_1_167' title='bbox 313 1554 433 1625; x_wconf 88' lang='lat' dir='ltr'><strong>priscum</strong></span> <span class='ocrx_word' id='word_1_168' title='bbox 460 1554 598 1610; x_wconf 90' lang='lat' dir='ltr'><strong>renovavit</strong></span> <span class='ocrx_word' id='word_1_169' title='bbox 619 1555 758 1610; x_wconf 91' lang='lat' dir='ltr'><strong>honorem.</strong></span> <span class='ocrx_word' id='word_1_170' title='bbox 778 1555 842 1611; x_wconf 88' lang='lat' dir='ltr'><strong>Post</strong></span> <span class='ocrx_word' id='word_1_171' title='bbox 861 1556 961 1611; x_wconf 88' lang='lat' dir='ltr'><strong>oratio·</strong></span> <span class='ocrx_word' id='word_1_172' title='bbox 1009 1569 1070 1607; x_wconf 93' lang='lat' dir='ltr'><strong>mus</strong></span> <span class='ocrx_word' id='word_1_173' title='bbox 1084 1552 1118 1609; x_wconf 90' lang='lat' dir='ltr'><strong>de</strong></span> <span class='ocrx_word' id='word_1_174' title='bbox 1132 1553 1174 1608; x_wconf 91' lang='lat' dir='ltr'><strong>his</strong></span> <span class='ocrx_word' id='word_1_175' title='bbox 1189 1553 1323 1609; x_wconf 88' lang='lat' dir='ltr'><strong>sedibus:</strong></span> <span class='ocrx_word' id='word_1_176' title='bbox 1344 1554 1406 1626; x_wconf 90' lang='lat' dir='ltr'><strong>quia</strong></span> <span class='ocrx_word' id='word_1_177' title='bbox 1429 1554 1482 1625; x_wconf 87' lang='lat' dir='ltr'><strong>ipsi</strong></span> <span class='ocrx_word' id='word_1_178' title='bbox 1503 1556 1537 1610; x_wconf 93' lang='lat' dir='ltr'><strong>de</strong></span> <span class='ocrx_word' id='word_1_179' title='bbox 1554 1555 1640 1629; x_wconf 89' lang='lat' dir='ltr'><strong>longe</strong></span> <span class='ocrx_word' id='word_1_180' title='bbox 1658 1557 1806 1626; x_wconf 89' lang='lat' dir='ltr'><strong>venientes,</strong></span> 
     </span>
     <span class='ocr_line' id='line_1_16' title="bbox 161 1642 1808 1716; baseline 0.004 -19"><span class='ocrx_word' id='word_1_181' title='bbox 161 1658 224 1698; x_wconf 93' lang='lat' dir='ltr'><strong>nem</strong></span> <span class='ocrx_word' id='word_1_182' title='bbox 241 1659 304 1700; x_wconf 91' lang='lat' dir='ltr'><strong>cum</strong></span> <span class='ocrx_word' id='word_1_183' title='bbox 318 1659 482 1716; x_wconf 86' lang='lat' dir='ltr'><strong>pergyrum</strong></span> <span class='ocrx_word' id='word_1_184' title='bbox 500 1643 586 1700; x_wconf 90' lang='lat' dir='ltr'><strong>oculis</strong></span> <span class='ocrx_word' id='word_1_185' title='bbox 609 1652 705 1699; x_wconf 89' lang='lat' dir='ltr'><strong>cuncta</strong></span> <span class='ocrx_word' id='word_1_186' title='bbox 727 1645 880 1714; x_wconf 85' lang='lat' dir='ltr'><strong>latrassent,</strong></span> <span class='ocrx_word' id='word_1_187' title='bbox 903 1644 960 1715; x_wconf 89' lang='lat' dir='ltr'><strong>pla·</strong></span> <span class='ocrx_word' id='word_1_188' title='bbox 1011 1658 1055 1697; x_wconf 92' lang='lat' dir='ltr'><strong>me</strong></span> <span class='ocrx_word' id='word_1_189' title='bbox 1070 1643 1105 1696; x_wconf 92' lang='lat' dir='ltr'><strong>de</strong></span> <span class='ocrx_word' id='word_1_190' title='bbox 1120 1642 1219 1713; x_wconf 91' lang='lat' dir='ltr'><strong>templo</strong></span> <span class='ocrx_word' id='word_1_191' title='bbox 1232 1658 1294 1699; x_wconf 91' lang='lat' dir='ltr'><strong>meo</strong></span> <span class='ocrx_word' id='word_1_192' title='bbox 1316 1643 1487 1713; x_wconf 86' lang='lat' dir='ltr'><strong>expulerunt,</strong></span> <span class='ocrx_word' id='word_1_193' title='bbox 1504 1644 1653 1702; x_wconf 89' lang='lat' dir='ltr'><strong>simulacra</strong></span> <span class='ocrx_word' id='word_1_194' title='bbox 1667 1663 1728 1704; x_wconf 89' lang='lat' dir='ltr'><strong>mea</strong></span> <span class='ocrx_word' id='word_1_195' title='bbox 1742 1664 1808 1705; x_wconf 91' lang='lat' dir='ltr'><strong>con-</strong></span> 
     </span>
     <span class='ocr_line' id='line_1_17' title="bbox 164 1731 1810 1808; baseline 0.004 -20"><span class='ocrx_word' id='word_1_196' title='bbox 164 1732 219 1788; x_wconf 90' lang='lat' dir='ltr'><strong>ouit</strong></span> <span class='ocrx_word' id='word_1_197' title='bbox 231 1731 285 1786; x_wconf 90' lang='lat' dir='ltr'><strong>illis</strong></span> <span class='ocrx_word' id='word_1_198' title='bbox 301 1731 415 1804; x_wconf 83' lang='lat' dir='ltr'><strong>qualitas</strong></span> <span class='ocrx_word' id='word_1_199' title='bbox 430 1740 456 1787; x_wconf 90' lang='lat' dir='ltr'><strong>et</strong></span> <span class='ocrx_word' id='word_1_200' title='bbox 469 1733 536 1787; x_wconf 91' lang='lat' dir='ltr'><strong>situs</strong></span> <span class='ocrx_word' id='word_1_201' title='bbox 555 1732 688 1788; x_wconf 88' lang='lat' dir='ltr'><strong>locorum.</strong></span> <span class='ocrx_word' id='word_1_202' title='bbox 712 1732 817 1789; x_wconf 86' lang='lat' dir='ltr'><strong>Deinde</strong></span> <span class='ocrx_word' id='word_1_203' title='bbox 838 1732 960 1788; x_wconf 91' lang='lat' dir='ltr'><strong>oratione</strong></span> <span class='ocrx_word' id='word_1_204' title='bbox 1011 1731 1152 1798; x_wconf 89' lang='lat' dir='ltr'><strong>trivemnt,</strong></span> <span class='ocrx_word' id='word_1_205' title='bbox 1168 1738 1195 1788; x_wconf 85' lang='lat' dir='ltr'><strong>at</strong></span> <span class='ocrx_word' id='word_1_206' title='bbox 1214 1732 1344 1804; x_wconf 90' lang='lat' dir='ltr'><strong>populum</strong></span> <span class='ocrx_word' id='word_1_207' title='bbox 1363 1732 1409 1804; x_wconf 90' lang='lat' dir='ltr'><strong>qui</strong></span> <span class='ocrx_word' id='word_1_208' title='bbox 1429 1749 1474 1789; x_wconf 92' lang='lat' dir='ltr'><strong>me</strong></span> <span class='ocrx_word' id='word_1_209' title='bbox 1494 1737 1672 1805; x_wconf 81' lang='lat' dir='ltr'><strong>sequebatur,</strong></span> <span class='ocrx_word' id='word_1_210' title='bbox 1698 1744 1760 1808; x_wconf 88' lang='lat' dir='ltr'><strong>post</strong></span> <span class='ocrx_word' id='word_1_211' title='bbox 1781 1753 1810 1794; x_wconf 89' lang='lat' dir='ltr'><strong>se</strong></span> 
     </span>
     <span class='ocr_line' id='line_1_18' title="bbox 161 1820 1809 1896; baseline 0.004 -21"><span class='ocrx_word' id='word_1_212' title='bbox 161 1821 305 1893; x_wconf 82' lang='lat' dir='ltr'><strong>praemissa</strong></span> <span class='ocrx_word' id='word_1_213' title='bbox 328 1820 402 1878; x_wconf 91' lang='lat' dir='ltr'><strong>cirea</strong></span> <span class='ocrx_word' id='word_1_214' title='bbox 423 1821 571 1877; x_wconf 91' lang='lat' dir='ltr'><strong>oratorium</strong></span> <span class='ocrx_word' id='word_1_215' title='bbox 593 1820 793 1877; x_wconf 87' lang='lat' dir='ltr'><strong>mansiunculas</strong></span> <span class='ocrx_word' id='word_1_216' title='bbox 816 1821 869 1876; x_wconf 90' lang='lat' dir='ltr'><strong>sibi</strong></span> <span class='ocrx_word' id='word_1_217' title='bbox 890 1822 963 1878; x_wconf 85' lang='lat' dir='ltr'><strong>fece·</strong></span> <span class='ocrx_word' id='word_1_218' title='bbox 1012 1827 1176 1876; x_wconf 89' lang='lat' dir='ltr'><strong>avertemnt.</strong></span> <span class='ocrx_word' id='word_1_219' title='bbox 1193 1820 1368 1877; x_wconf 85' lang='lat' dir='ltr'><strong>Commoveat</strong></span> <span class='ocrx_word' id='word_1_220' title='bbox 1386 1828 1413 1877; x_wconf 92' lang='lat' dir='ltr'><strong>te</strong></span> <span class='ocrx_word' id='word_1_221' title='bbox 1434 1821 1533 1890; x_wconf 89' lang='lat' dir='ltr'><strong>injuria</strong></span> <span class='ocrx_word' id='word_1_222' title='bbox 1555 1839 1641 1895; x_wconf 84' lang='lat' dir='ltr'><strong>qrrarn</strong></span> <span class='ocrx_word' id='word_1_223' title='bbox 1660 1825 1759 1896; x_wconf 90' lang='lat' dir='ltr'><strong>patior,</strong></span> <span class='ocrx_word' id='word_1_224' title='bbox 1784 1834 1809 1884; x_wconf 88' lang='lat' dir='ltr'><strong>et</strong></span> 
     </span>
     <span class='ocr_line' id='line_1_19' title="bbox 164 1905 1809 1982; baseline 0.003 -17"><span class='ocrx_word' id='word_1_225' title='bbox 164 1918 236 1965; x_wconf 90' lang='lat' dir='ltr'><strong>runt.</strong></span> <span class='ocrx_word' id='word_1_226' title='bbox 267 1911 436 1981; x_wconf 86' lang='lat' dir='ltr'><strong>Repererunt</strong></span> <span class='ocrx_word' id='word_1_227' title='bbox 460 1910 599 1965; x_wconf 85' lang='lat' dir='ltr'><strong>antemio</strong></span> <span class='ocrx_word' id='word_1_228' title='bbox 622 1911 723 1982; x_wconf 90' lang='lat' dir='ltr'><strong>templo</strong></span> <span class='ocrx_word' id='word_1_229' title='bbox 747 1918 803 1966; x_wconf 92' lang='lat' dir='ltr'><strong>tres</strong></span> <span class='ocrx_word' id='word_1_230' title='bbox 829 1911 964 1982; x_wconf 81' lang='lat' dir='ltr'><strong>imagines</strong></span> <span class='ocrx_word' id='word_1_231' title='bbox 1012 1908 1106 1964; x_wconf 89' lang='lat' dir='ltr'><strong>hostes</strong></span> <span class='ocrx_word' id='word_1_232' title='bbox 1119 1925 1276 1965; x_wconf 90' lang='lat' dir='ltr'><strong>communes</strong></span> <span class='ocrx_word' id='word_1_233' title='bbox 1299 1909 1381 1964; x_wconf 91' lang='lat' dir='ltr'><strong>unitis</strong></span> <span class='ocrx_word' id='word_1_234' title='bbox 1401 1905 1503 1965; x_wconf 89' lang='lat' dir='ltr'><strong>viribus</strong></span> <span class='ocrx_word' id='word_1_235' title='bbox 1526 1914 1665 1968; x_wconf 88' lang='lat' dir='ltr'><strong>anostris</strong></span> <span class='ocrx_word' id='word_1_236' title='bbox 1689 1915 1809 1970; x_wconf 87' lang='lat' dir='ltr'><strong>terminis</strong></span> 
     </span>
     <span class='ocr_line' id='line_1_20' title="bbox 166 1997 1809 2073; baseline 0.004 -19"><span class='ocrx_word' id='word_1_237' title='bbox 166 2014 250 2055; x_wconf 88' lang='lat' dir='ltr'><strong>aereas</strong></span> <span class='ocrx_word' id='word_1_238' title='bbox 266 1999 417 2065; x_wconf 89' lang='lat' dir='ltr'><strong>deauratas,</strong></span> <span class='ocrx_word' id='word_1_239' title='bbox 429 1998 526 2071; x_wconf 90' lang='lat' dir='ltr'><strong>parieti</strong></span> <span class='ocrx_word' id='word_1_240' title='bbox 538 1997 641 2066; x_wconf 86' lang='lat' dir='ltr'><strong>affixas,</strong></span> <span class='ocrx_word' id='word_1_241' title='bbox 651 1999 841 2072; x_wconf 87' lang='lat' dir='ltr'><strong>quaspopulus</strong></span> <span class='ocrx_word' id='word_1_242' title='bbox 851 2000 963 2057; x_wconf 93' lang='lat' dir='ltr'><strong>dimisso</strong></span> <span class='ocrx_word' id='word_1_243' title='bbox 1013 2013 1163 2054; x_wconf 87' lang='lat' dir='ltr'><strong>arceamus.</strong></span> <span class='ocrx_word' id='word_1_244' title='bbox 1180 1999 1215 2053; x_wconf 84' lang='lat' dir='ltr'><strong>Et</strong></span> <span class='ocrx_word' id='word_1_245' title='bbox 1229 1999 1288 2070; x_wconf 88' lang='lat' dir='ltr'><strong>ipse</strong></span> <span class='ocrx_word' id='word_1_246' title='bbox 1302 1997 1443 2069; x_wconf 88' lang='lat' dir='ltr'><strong>respondit</strong></span> <span class='ocrx_word' id='word_1_247' title='bbox 1459 2015 1466 2053; x_wconf 90' lang='lat'>:</span> <span class='ocrx_word' id='word_1_248' title='bbox 1483 1998 1542 2054; x_wconf 87' lang='lat' dir='ltr'><strong>Heu</strong></span> <span class='ocrx_word' id='word_1_249' title='bbox 1553 1998 1560 2054; x_wconf 93' lang='lat' dir='ltr'><strong>l</strong></span> <span class='ocrx_word' id='word_1_250' title='bbox 1570 2001 1646 2073; x_wconf 89' lang='lat' dir='ltr'><strong>qnod</strong></span> <span class='ocrx_word' id='word_1_251' title='bbox 1656 2002 1692 2059; x_wconf 92' lang='lat' dir='ltr'><strong>de</strong></span> <span class='ocrx_word' id='word_1_252' title='bbox 1702 2003 1756 2058; x_wconf 89' lang='lat' dir='ltr'><strong>tuis</strong></span> <span class='ocrx_word' id='word_1_253' title='bbox 1764 2018 1809 2060; x_wconf 81' lang='lat' dir='ltr'><strong>aa·</strong></span> 
     </span>
     <span class='ocr_line' id='line_1_21' title="bbox 148 2085 1809 2164; baseline 0.004 -22"><span class='ocrx_word' id='word_1_254' title='bbox 148 2112 151 2117; x_wconf 61' lang='grc'><strong><em>’</em></strong></span> <span class='ocrx_word' id='word_1_255' title='bbox 167 2086 263 2142; x_wconf 90' lang='lat' dir='ltr'><strong>altaris</strong></span> <span class='ocrx_word' id='word_1_256' title='bbox 278 2087 348 2143; x_wconf 91' lang='lat' dir='ltr'><strong>sacri</strong></span> <span class='ocrx_word' id='word_1_257' title='bbox 365 2087 437 2143; x_wconf 92' lang='lat' dir='ltr'><strong>cultu</strong></span> <span class='ocrx_word' id='word_1_258' title='bbox 452 2087 590 2154; x_wconf 91' lang='lat' dir='ltr'><strong>adorabat,</strong></span> <span class='ocrx_word' id='word_1_259' title='bbox 610 2095 635 2142; x_wconf 93' lang='lat' dir='ltr'><strong>et</strong></span> <span class='ocrx_word' id='word_1_260' title='bbox 650 2087 747 2143; x_wconf 87' lang='lat' dir='ltr'><strong>oblatis</strong></span> <span class='ocrx_word' id='word_1_261' title='bbox 762 2087 904 2145; x_wconf 88' lang='lat' dir='ltr'><strong>sacrificiis</strong></span> <span class='ocrx_word' id='word_1_262' title='bbox 919 2088 963 2144; x_wconf 89' lang='lat' dir='ltr'><strong>di·</strong></span> <span class='ocrx_word' id='word_1_263' title='bbox 1012 2085 1176 2143; x_wconf 89' lang='lat' dir='ltr'><strong>lamitatibus</strong></span> <span class='ocrx_word' id='word_1_264' title='bbox 1189 2103 1295 2155; x_wconf 89' lang='lat' dir='ltr'><strong>narras,</strong></span> <span class='ocrx_word' id='word_1_265' title='bbox 1312 2096 1583 2161; x_wconf 86' lang='lat' dir='ltr'><strong>exmeocontemptu</strong></span> <span class='ocrx_word' id='word_1_266' title='bbox 1597 2091 1809 2164; x_wconf 72' lang='lat' dir='ltr'><strong>percipiebam</strong></span> 
     </span>
     <span class='ocr_line' id='line_1_22' title="bbox 168 2175 1809 2250; baseline 0.004 -18"><span class='ocrx_word' id='word_1_267' title='bbox 168 2191 232 2233; x_wconf 91' lang='lat' dir='ltr'><strong>cere</strong></span> <span class='ocrx_word' id='word_1_268' title='bbox 248 2176 389 2233; x_wconf 88' lang='lat' dir='ltr'><strong>consuevit</strong></span> <span class='ocrx_word' id='word_1_269' title='bbox 406 2193 413 2232; x_wconf 90' lang='lat'>:</span> <span class='ocrx_word' id='word_1_270' title='bbox 429 2176 476 2231; x_wconf 91' lang='lat' dir='ltr'><strong>lsti</strong></span> <span class='ocrx_word' id='word_1_271' title='bbox 491 2184 552 2231; x_wconf 91' lang='lat' dir='ltr'><strong>sunt</strong></span> <span class='ocrx_word' id='word_1_272' title='bbox 568 2177 604 2231; x_wconf 92' lang='lat' dir='ltr'><strong>dii</strong></span> <span class='ocrx_word' id='word_1_273' title='bbox 618 2186 734 2244; x_wconf 88' lang='lat' dir='ltr'><strong>veteres,</strong></span> <span class='ocrx_word' id='word_1_274' title='bbox 751 2185 777 2234; x_wconf 92' lang='lat' dir='ltr'><strong>et</strong></span> <span class='ocrx_word' id='word_1_275' title='bbox 792 2178 895 2250; x_wconf 88' lang='lat' dir='ltr'><strong>antiqui</strong></span> <span class='ocrx_word' id='word_1_276' title='bbox 910 2178 963 2232; x_wconf 91' lang='lat' dir='ltr'><strong>hu·</strong></span> <span class='ocrx_word' id='word_1_277' title='bbox 1013 2192 1084 2232; x_wconf 91' lang='lat' dir='ltr'><strong>unus</strong></span> <span class='ocrx_word' id='word_1_278' title='bbox 1098 2192 1131 2232; x_wconf 88' lang='lat' dir='ltr'><strong>ex</strong></span> <span class='ocrx_word' id='word_1_279' title='bbox 1145 2176 1199 2232; x_wconf 92' lang='lat' dir='ltr'><strong>illis</strong></span> <span class='ocrx_word' id='word_1_280' title='bbox 1213 2193 1257 2232; x_wconf 90' lang='lat' dir='ltr'><strong>me</strong></span> <span class='ocrx_word' id='word_1_281' title='bbox 1279 2176 1307 2231; x_wconf 93' lang='lat' dir='ltr'><strong>in</strong></span> <span class='ocrx_word' id='word_1_282' title='bbox 1323 2175 1422 2248; x_wconf 85' lang='lat' dir='ltr'><strong>pelago</strong></span> <span class='ocrx_word' id='word_1_283' title='bbox 1437 2177 1544 2247; x_wconf 91' lang='lat' dir='ltr'><strong>premit,</strong></span> <span class='ocrx_word' id='word_1_284' title='bbox 1561 2186 1588 2234; x_wconf 91' lang='lat' dir='ltr'><strong>et</strong></span> <span class='ocrx_word' id='word_1_285' title='bbox 1600 2195 1666 2236; x_wconf 91' lang='lat' dir='ltr'><strong>mea</strong></span> <span class='ocrx_word' id='word_1_286' title='bbox 1680 2180 1809 2249; x_wconf 86' lang='lat' dir='ltr'><strong>devastat,</strong></span> 
     </span>
     <span class='ocr_line' id='line_1_23' title="bbox 165 2264 1812 2340; baseline 0.005 -21"><span class='ocrx_word' id='word_1_287' title='bbox 165 2264 210 2335; x_wconf 84' lang='lat' dir='ltr'><strong>jus</strong></span> <span class='ocrx_word' id='word_1_288' title='bbox 225 2264 278 2322; x_wconf 90' lang='lat' dir='ltr'><strong>loci</strong></span> <span class='ocrx_word' id='word_1_289' title='bbox 311 2272 421 2335; x_wconf 89' lang='lat' dir='ltr'><strong>tutores,</strong></span> <span class='ocrx_word' id='word_1_290' title='bbox 448 2281 564 2338; x_wconf 91' lang='lat' dir='ltr'><strong>quorum</strong></span> <span class='ocrx_word' id='word_1_291' title='bbox 586 2266 681 2322; x_wconf 87' lang='lat' dir='ltr'><strong>solatio</strong></span> <span class='ocrx_word' id='word_1_292' title='bbox 705 2274 732 2321; x_wconf 91' lang='lat' dir='ltr'><strong>et</strong></span> <span class='ocrx_word' id='word_1_293' title='bbox 752 2282 803 2322; x_wconf 92' lang='lat' dir='ltr'><strong>nos</strong></span> <span class='ocrx_word' id='word_1_294' title='bbox 824 2274 850 2322; x_wconf 90' lang='lat' dir='ltr'><strong>et</strong></span> <span class='ocrx_word' id='word_1_295' title='bbox 873 2274 964 2322; x_wconf 89' lang='lat' dir='ltr'><strong>nostra</strong></span> <span class='ocrx_word' id='word_1_296' title='bbox 1013 2265 1089 2334; x_wconf 89' lang='lat' dir='ltr'><strong>cujus</strong></span> <span class='ocrx_word' id='word_1_297' title='bbox 1110 2281 1161 2322; x_wconf 90' lang='lat' dir='ltr'><strong>nec</strong></span> <span class='ocrx_word' id='word_1_298' title='bbox 1184 2265 1250 2321; x_wconf 91' lang='lat' dir='ltr'><strong>retia</strong></span> <span class='ocrx_word' id='word_1_299' title='bbox 1281 2280 1401 2337; x_wconf 89' lang='lat' dir='ltr'><strong>unquam</strong></span> <span class='ocrx_word' id='word_1_300' title='bbox 1424 2280 1597 2338; x_wconf 88' lang='lat' dir='ltr'><strong>eorrumpere</strong></span> <span class='ocrx_word' id='word_1_301' title='bbox 1614 2284 1741 2340; x_wconf 89' lang='lat' dir='ltr'><strong>possum,</strong></span> <span class='ocrx_word' id='word_1_302' title='bbox 1764 2286 1812 2328; x_wconf 87' lang='lat' dir='ltr'><strong>nco</strong></span> 
     </span>
     <span class='ocr_line' id='line_1_24' title="bbox 168 2353 1810 2428; baseline 0.004 -19"><span class='ocrx_word' id='word_1_303' title='bbox 168 2353 316 2426; x_wconf 89' lang='lat' dir='ltr'><strong>perdurant</strong></span> <span class='ocrx_word' id='word_1_304' title='bbox 339 2370 425 2426; x_wconf 90' lang='lat' dir='ltr'><strong>usque</strong></span> <span class='ocrx_word' id='word_1_305' title='bbox 449 2353 476 2408; x_wconf 93' lang='lat' dir='ltr'><strong>in</strong></span> <span class='ocrx_word' id='word_1_306' title='bbox 505 2370 636 2425; x_wconf 76' lang='lat' dir='ltr'><strong>praesens.</strong></span> <span class='ocrx_word' id='word_1_307' title='bbox 661 2354 844 2411; x_wconf 88' lang='lat' dir='ltr'><strong>Columbanus</strong></span> <span class='ocrx_word' id='word_1_308' title='bbox 872 2356 964 2428; x_wconf 87' lang='lat' dir='ltr'><strong>itaque</strong></span> <span class='ocrx_word' id='word_1_309' title='bbox 1013 2353 1102 2425; x_wconf 93' lang='lat' dir='ltr'><strong>ipsum</strong></span> <span class='ocrx_word' id='word_1_310' title='bbox 1126 2354 1261 2425; x_wconf 89' lang='lat' dir='ltr'><strong>decipere,</strong></span> <span class='ocrx_word' id='word_1_311' title='bbox 1284 2354 1348 2428; x_wconf 90' lang='lat' dir='ltr'><strong>quia</strong></span> <span class='ocrx_word' id='word_1_312' title='bbox 1372 2354 1507 2410; x_wconf 88' lang='lat' dir='ltr'><strong>invocatio</strong></span> <span class='ocrx_word' id='word_1_313' title='bbox 1529 2355 1616 2411; x_wconf 90' lang='lat' dir='ltr'><strong>divini</strong></span> <span class='ocrx_word' id='word_1_314' title='bbox 1637 2358 1758 2414; x_wconf 84' lang='lat' dir='ltr'><strong>nominis</strong></span> <span class='ocrx_word' id='word_1_315' title='bbox 1777 2359 1810 2416; x_wconf 88' lang='lat' dir='ltr'><strong>de</strong></span> 
     </span>
     <span class='ocr_line' id='line_1_25' title="bbox 166 2441 1811 2516; baseline 0.004 -18"><span class='ocrx_word' id='word_1_316' title='bbox 166 2441 246 2499; x_wconf 92' lang='lat' dir='ltr'><strong>beato</strong></span> <span class='ocrx_word' id='word_1_317' title='bbox 263 2442 342 2500; x_wconf 89' lang='lat' dir='ltr'><strong>Gallo</strong></span> <span class='ocrx_word' id='word_1_318' title='bbox 352 2443 379 2498; x_wconf 92' lang='lat' dir='ltr'><strong>id</strong></span> <span class='ocrx_word' id='word_1_319' title='bbox 393 2443 507 2512; x_wconf 82' lang='lat' dir='ltr'><strong>injunxit</strong></span> <span class='ocrx_word' id='word_1_320' title='bbox 522 2442 612 2512; x_wconf 86' lang='lat' dir='ltr'><strong>officii,</strong></span> <span class='ocrx_word' id='word_1_321' title='bbox 629 2451 658 2498; x_wconf 92' lang='lat' dir='ltr'><strong>ut</strong></span> <span class='ocrx_word' id='word_1_322' title='bbox 672 2445 800 2516; x_wconf 90' lang='lat' dir='ltr'><strong>populum</strong></span> <span class='ocrx_word' id='word_1_323' title='bbox 816 2444 850 2500; x_wconf 90' lang='lat' dir='ltr'><strong>ab</strong></span> <span class='ocrx_word' id='word_1_324' title='bbox 872 2461 964 2502; x_wconf 90' lang='lat' dir='ltr'><strong>errore</strong></span> <span class='ocrx_word' id='word_1_325' title='bbox 1013 2457 1060 2501; x_wconf 89' lang='lat' dir='ltr'><strong>ore</strong></span> <span class='ocrx_word' id='word_1_326' title='bbox 1074 2445 1132 2513; x_wconf 89' lang='lat' dir='ltr'><strong>ejus</strong></span> <span class='ocrx_word' id='word_1_327' title='bbox 1148 2460 1288 2516; x_wconf 87' lang='lat' dir='ltr'><strong>nunquam</strong></span> <span class='ocrx_word' id='word_1_328' title='bbox 1308 2443 1409 2499; x_wconf 90' lang='lat' dir='ltr'><strong>recedit</strong></span> <span class='ocrx_word' id='word_1_329' title='bbox 1426 2458 1432 2499; x_wconf 92' lang='lat'><strong>:</strong></span> <span class='ocrx_word' id='word_1_330' title='bbox 1455 2443 1516 2514; x_wconf 90' lang='lat' dir='ltr'><strong>quia</strong></span> <span class='ocrx_word' id='word_1_331' title='bbox 1539 2446 1662 2501; x_wconf 90' lang='lat' dir='ltr'><strong>munitus</strong></span> <span class='ocrx_word' id='word_1_332' title='bbox 1684 2448 1811 2504; x_wconf 88' lang='lat' dir='ltr'><strong>continua</strong></span> 
     </span>
     <span class='ocr_line' id='line_1_26' title="bbox 164 2531 1813 2611; baseline 0.003 -23"><span class='ocrx_word' id='word_1_333' title='bbox 164 2531 327 2589; x_wconf 81' lang='lat' dir='ltr'><strong>idololatriae</strong></span> <span class='ocrx_word' id='word_1_334' title='bbox 337 2533 372 2587; x_wconf 91' lang='lat' dir='ltr'><strong>ad</strong></span> <span class='ocrx_word' id='word_1_335' title='bbox 387 2533 488 2590; x_wconf 91' lang='lat' dir='ltr'><strong>cultum</strong></span> <span class='ocrx_word' id='word_1_336' title='bbox 503 2531 554 2589; x_wconf 90' lang='lat' dir='ltr'><strong>Dei</strong></span> <span class='ocrx_word' id='word_1_337' title='bbox 569 2533 873 2590; x_wconf 84' lang='lat' dir='ltr'><strong>exhortationesalutari</strong></span> <span class='ocrx_word' id='word_1_338' title='bbox 881 2550 964 2591; x_wconf 89' lang='lat' dir='ltr'><strong>revo·</strong></span> <span class='ocrx_word' id='word_1_339' title='bbox 1013 2532 1153 2606; x_wconf 89' lang='lat' dir='ltr'><strong>vigilantia</strong></span> <span class='ocrx_word' id='word_1_340' title='bbox 1174 2533 1286 2589; x_wconf 89' lang='lat' dir='ltr'><strong>insidias</strong></span> <span class='ocrx_word' id='word_1_341' title='bbox 1305 2540 1416 2588; x_wconf 89' lang='lat' dir='ltr'><strong>nostras</strong></span> <span class='ocrx_word' id='word_1_342' title='bbox 1449 2534 1606 2589; x_wconf 88' lang='lat' dir='ltr'><strong>contemnit.</strong></span> <span class='ocrx_word' id='word_1_343' title='bbox 1641 2534 1813 2611; x_wconf 84' lang='lat' dir='ltr'><strong>Quapropter</strong></span> 
     </span>
     <span class='ocr_line' id='line_1_27' title="bbox 166 2620 1812 2696; baseline 0.002 -18"><span class='ocrx_word' id='word_1_344' title='bbox 166 2629 249 2690; x_wconf 88' lang='lat' dir='ltr'><strong>earet,</strong></span> <span class='ocrx_word' id='word_1_345' title='bbox 274 2621 338 2695; x_wconf 86' lang='lat' dir='ltr'><strong>quia</strong></span> <span class='ocrx_word' id='word_1_346' title='bbox 359 2621 419 2692; x_wconf 91' lang='lat' dir='ltr'><strong>ipse</strong></span> <span class='ocrx_word' id='word_1_347' title='bbox 440 2622 510 2679; x_wconf 87' lang='lat' dir='ltr'><strong>banc</strong></span> <span class='ocrx_word' id='word_1_348' title='bbox 534 2638 551 2677; x_wconf 89' lang='lat' dir='ltr'><strong>a</strong></span> <span class='ocrx_word' id='word_1_349' title='bbox 576 2623 693 2678; x_wconf 91' lang='lat' dir='ltr'><strong>Domino</strong></span> <span class='ocrx_word' id='word_1_350' title='bbox 714 2623 828 2696; x_wconf 82' lang='lat' dir='ltr'><strong>gratiam</strong></span> <span class='ocrx_word' id='word_1_351' title='bbox 854 2624 961 2692; x_wconf 89' lang='lat' dir='ltr'><strong>memit,</strong></span> <span class='ocrx_word' id='word_1_352' title='bbox 1013 2628 1067 2676; x_wconf 88' lang='lat' dir='ltr'><strong>tam</strong></span> <span class='ocrx_word' id='word_1_353' title='bbox 1081 2629 1176 2678; x_wconf 90' lang='lat' dir='ltr'><strong>cautos</strong></span> <span class='ocrx_word' id='word_1_354' title='bbox 1195 2622 1340 2678; x_wconf 88' lang='lat' dir='ltr'><strong>bellatores</strong></span> <span class='ocrx_word' id='word_1_355' title='bbox 1360 2620 1424 2677; x_wconf 85' lang='lat' dir='ltr'><strong>fidei</strong></span> <span class='ocrx_word' id='word_1_356' title='bbox 1447 2631 1548 2680; x_wconf 84' lang='lat' dir='ltr'><strong>nostrae</strong></span> <span class='ocrx_word' id='word_1_357' title='bbox 1567 2639 1623 2679; x_wconf 91' lang='lat' dir='ltr'><strong>non</strong></span> <span class='ocrx_word' id='word_1_358' title='bbox 1644 2625 1812 2696; x_wconf 86' lang='lat' dir='ltr'><strong>superabunt</strong></span> 
     </span>
     <span class='ocr_line' id='line_1_28' title="bbox 166 2711 1811 2788; baseline 0.002 -21"><span class='ocrx_word' id='word_1_359' title='bbox 166 2718 264 2767; x_wconf 91' lang='lat' dir='ltr'><strong>utnon</strong></span> <span class='ocrx_word' id='word_1_360' title='bbox 279 2711 367 2767; x_wconf 92' lang='lat' dir='ltr'><strong>solum</strong></span> <span class='ocrx_word' id='word_1_361' title='bbox 382 2711 492 2779; x_wconf 80' lang='lat' dir='ltr'><strong>Latinae,</strong></span> <span class='ocrx_word' id='word_1_362' title='bbox 509 2711 557 2767; x_wconf 88' lang='lat' dir='ltr'><strong>sed</strong></span> <span class='ocrx_word' id='word_1_363' title='bbox 579 2712 661 2768; x_wconf 90' lang='lat' dir='ltr'><strong>etiam</strong></span> <span class='ocrx_word' id='word_1_364' title='bbox 683 2712 834 2769; x_wconf 86' lang='lat' dir='ltr'><strong>barbaricae</strong></span> <span class='ocrx_word' id='word_1_365' title='bbox 855 2712 966 2770; x_wconf 90' lang='lat' dir='ltr'><strong>locutio·</strong></span> <span class='ocrx_word' id='word_1_366' title='bbox 1013 2711 1149 2769; x_wconf 84' lang='lat' dir='ltr'><strong>versutiae.</strong></span> <span class='ocrx_word' id='word_1_367' title='bbox 1166 2711 1214 2767; x_wconf 90' lang='lat' dir='ltr'><strong>llis</strong></span> <span class='ocrx_word' id='word_1_368' title='bbox 1234 2712 1341 2781; x_wconf 90' lang='lat' dir='ltr'><strong>auditis,</strong></span> <span class='ocrx_word' id='word_1_369' title='bbox 1366 2713 1408 2768; x_wconf 93' lang='lat' dir='ltr'><strong>vir</strong></span> <span class='ocrx_word' id='word_1_370' title='bbox 1430 2713 1480 2769; x_wconf 92' lang='lat' dir='ltr'><strong>Dei</strong></span> <span class='ocrx_word' id='word_1_371' title='bbox 1503 2712 1620 2768; x_wconf 91' lang='lat' dir='ltr'><strong>munivit</strong></span> <span class='ocrx_word' id='word_1_372' title='bbox 1641 2729 1672 2770; x_wconf 85' lang='lat' dir='ltr'><strong>se</strong></span> <span class='ocrx_word' id='word_1_373' title='bbox 1691 2714 1811 2788; x_wconf 87' lang='lat' dir='ltr'><strong>undique</strong></span> 
     </span>
     <span class='ocr_line' id='line_1_29' title="bbox 164 2799 1812 2876; baseline 0.002 -18"><span class='ocrx_word' id='word_1_374' title='bbox 164 2801 208 2858; x_wconf 88' lang='lat' dir='ltr'><strong>nis</strong></span> <span class='ocrx_word' id='word_1_375' title='bbox 222 2801 407 2875; x_wconf 88' lang='lat' dir='ltr'><strong>cognitionem</strong></span> <span class='ocrx_word' id='word_1_376' title='bbox 421 2817 476 2858; x_wconf 90' lang='lat' dir='ltr'><strong>non</strong></span> <span class='ocrx_word' id='word_1_377' title='bbox 489 2817 600 2874; x_wconf 88' lang='lat' dir='ltr'><strong>parvam</strong></span> <span class='ocrx_word' id='word_1_378' title='bbox 623 2801 743 2857; x_wconf 90' lang='lat' dir='ltr'><strong>haberet.</strong></span> <span class='ocrx_word' id='word_1_379' title='bbox 761 2802 881 2876; x_wconf 86' lang='lat' dir='ltr'><strong>Cumque</strong></span> <span class='ocrx_word' id='word_1_380' title='bbox 897 2803 965 2872; x_wconf 85' lang='lat' dir='ltr'><strong>ejus·</strong></span> <span class='ocrx_word' id='word_1_381' title='bbox 1014 2799 1093 2874; x_wconf 90' lang='lat' dir='ltr'><strong>signo</strong></span> <span class='ocrx_word' id='word_1_382' title='bbox 1108 2809 1210 2858; x_wconf 85' lang='lat' dir='ltr'><strong>sanotae</strong></span> <span class='ocrx_word' id='word_1_383' title='bbox 1223 2801 1321 2869; x_wconf 89' lang='lat' dir='ltr'><strong>crucis,</strong></span> <span class='ocrx_word' id='word_1_384' title='bbox 1337 2809 1364 2858; x_wconf 92' lang='lat' dir='ltr'><strong>et</strong></span> <span class='ocrx_word' id='word_1_385' title='bbox 1386 2802 1451 2857; x_wconf 77' lang='lat' dir='ltr'><strong>dixit</strong></span> <span class='ocrx_word' id='word_1_386' title='bbox 1466 2801 1521 2857; x_wconf 91' lang='lat' dir='ltr'><strong>illis</strong></span> <span class='ocrx_word' id='word_1_387' title='bbox 1537 2818 1545 2858; x_wconf 76' lang='grc' dir='ltr'><em>τ</em></span> <span class='ocrx_word' id='word_1_388' title='bbox 1568 2803 1599 2857; x_wconf 89' lang='lat' dir='ltr'><strong>tn</strong></span> <span class='ocrx_word' id='word_1_389' title='bbox 1621 2803 1735 2859; x_wconf 90' lang='lat' dir='ltr'><strong>nomine</strong></span> <span class='ocrx_word' id='word_1_390' title='bbox 1757 2805 1812 2861; x_wconf 91' lang='lat' dir='ltr'><strong>Do·</strong></span> 
     </span>
     <span class='ocr_line' id='line_1_30' title="bbox 164 2889 1813 2966; baseline 0.002 -21"><span class='ocrx_word' id='word_1_391' title='bbox 164 2889 229 2945; x_wconf 92' lang='lat' dir='ltr'><strong>dem</strong></span> <span class='ocrx_word' id='word_1_392' title='bbox 244 2891 338 2963; x_wconf 91' lang='lat' dir='ltr'><strong>templi</strong></span> <span class='ocrx_word' id='word_1_393' title='bbox 354 2890 511 2948; x_wconf 89' lang='lat' dir='ltr'><strong>solemnitas</strong></span> <span class='ocrx_word' id='word_1_394' title='bbox 520 2898 660 2966; x_wconf 86' lang='lat' dir='ltr'><strong>ageretur,</strong></span> <span class='ocrx_word' id='word_1_395' title='bbox 675 2891 897 2948; x_wconf 91' lang='lat' dir='ltr'><strong>venitmultitudo</strong></span> <span class='ocrx_word' id='word_1_396' title='bbox 909 2908 964 2949; x_wconf 92' lang='lat' dir='ltr'><strong>non</strong></span> <span class='ocrx_word' id='word_1_397' title='bbox 1013 2890 1079 2946; x_wconf 90' lang='lat' dir='ltr'><strong>mini</strong></span> <span class='ocrx_word' id='word_1_398' title='bbox 1093 2891 1180 2946; x_wconf 88' lang='lat' dir='ltr'><strong>nostri</strong></span> <span class='ocrx_word' id='word_1_399' title='bbox 1191 2891 1256 2946; x_wconf 86' lang='lat' dir='ltr'><strong>Jesu</strong></span> <span class='ocrx_word' id='word_1_400' title='bbox 1272 2890 1381 2960; x_wconf 86' lang='lat' dir='ltr'><strong>Christi,</strong></span> <span class='ocrx_word' id='word_1_401' title='bbox 1399 2892 1495 2961; x_wconf 89' lang='lat' dir='ltr'><strong>adjuro</strong></span> <span class='ocrx_word' id='word_1_402' title='bbox 1510 2906 1560 2947; x_wconf 91' lang='lat' dir='ltr'><strong>vos</strong></span> <span class='ocrx_word' id='word_1_403' title='bbox 1575 2899 1605 2947; x_wconf 90' lang='lat' dir='ltr'><strong>ut</strong></span> <span class='ocrx_word' id='word_1_404' title='bbox 1624 2893 1766 2949; x_wconf 91' lang='lat' dir='ltr'><strong>recedatis</strong></span> <span class='ocrx_word' id='word_1_405' title='bbox 1780 2895 1813 2950; x_wconf 90' lang='lat' dir='ltr'><strong>de</strong></span> 
     </span>
     <span class='ocr_line' id='line_1_31' title="bbox 166 2978 1811 3053; baseline 0.004 -19"><span class='ocrx_word' id='word_1_406' title='bbox 166 2979 277 3035; x_wconf 92' lang='lat' dir='ltr'><strong>minima</strong></span> <span class='ocrx_word' id='word_1_407' title='bbox 292 2980 442 3052; x_wconf 88' lang='lat' dir='ltr'><strong>promiscui</strong></span> <span class='ocrx_word' id='word_1_408' title='bbox 457 2996 539 3036; x_wconf 81' lang='lat' dir='ltr'><strong>sexus</strong></span> <span class='ocrx_word' id='word_1_409' title='bbox 554 2989 580 3037; x_wconf 91' lang='lat' dir='ltr'><strong>et</strong></span> <span class='ocrx_word' id='word_1_410' title='bbox 594 2981 691 3047; x_wconf 84' lang='lat' dir='ltr'><strong>aetatis,</strong></span> <span class='ocrx_word' id='word_1_411' title='bbox 709 2995 764 3036; x_wconf 90' lang='lat' dir='ltr'><strong>non</strong></span> <span class='ocrx_word' id='word_1_412' title='bbox 777 2989 880 3036; x_wconf 90' lang='lat' dir='ltr'><strong>tantum</strong></span> <span class='ocrx_word' id='word_1_413' title='bbox 896 2998 964 3053; x_wconf 90' lang='lat' dir='ltr'><strong>pro·</strong></span> <span class='ocrx_word' id='word_1_414' title='bbox 1013 2978 1074 3035; x_wconf 94' lang='lat' dir='ltr'><strong>loco</strong></span> <span class='ocrx_word' id='word_1_415' title='bbox 1089 2979 1150 3046; x_wconf 88' lang='lat' dir='ltr'><strong>isto,</strong></span> <span class='ocrx_word' id='word_1_416' title='bbox 1167 2988 1193 3034; x_wconf 90' lang='lat' dir='ltr'><strong>et</strong></span> <span class='ocrx_word' id='word_1_417' title='bbox 1203 2979 1338 3035; x_wconf 89' lang='lat' dir='ltr'><strong>neminem</strong></span> <span class='ocrx_word' id='word_1_418' title='bbox 1348 2979 1695 3052; x_wconf 84' lang='lat' dir='ltr'><strong>lriclaederepraesumatis.</strong></span> <span class='ocrx_word' id='word_1_419' title='bbox 1706 2982 1811 3039; x_wconf 90' lang='lat' dir='ltr'><strong>Deinde</strong></span> 
     </span>
     <span class='ocr_line' id='line_1_32' title="bbox 166 3052 1812 3144; baseline 0.002 -20"><span class='ocrx_word' id='word_1_420' title='bbox 166 3077 228 3141; x_wconf 93' lang='lat' dir='ltr'><strong>pter</strong></span> <span class='ocrx_word' id='word_1_421' title='bbox 242 3069 395 3126; x_wconf 78' lang='lat' dir='ltr'><strong>festivitatis</strong></span> <span class='ocrx_word' id='word_1_422' title='bbox 408 3070 552 3136; x_wconf 88' lang='lat' dir='ltr'><strong>honorem,</strong></span> <span class='ocrx_word' id='word_1_423' title='bbox 569 3068 753 3125; x_wconf 89' lang='lat' dir='ltr'><strong>vemmetiam</strong></span> <span class='ocrx_word' id='word_1_424' title='bbox 775 3069 810 3125; x_wconf 90' lang='lat' dir='ltr'><strong>ad</strong></span> <span class='ocrx_word' id='word_1_425' title='bbox 833 3052 999 3127; x_wconf 84' lang='lat' dir='ltr'><strong>videndosC</strong></span> <span class='ocrx_word' id='word_1_426' title='bbox 1014 3084 1076 3125; x_wconf 93' lang='lat' dir='ltr'><strong>cum</strong></span> <span class='ocrx_word' id='word_1_427' title='bbox 1091 3070 1125 3124; x_wconf 91' lang='lat' dir='ltr'><strong>ad</strong></span> <span class='ocrx_word' id='word_1_428' title='bbox 1139 3069 1212 3123; x_wconf 89' lang='lat' dir='ltr'><strong>littus</strong></span> <span class='ocrx_word' id='word_1_429' title='bbox 1227 3068 1386 3126; x_wconf 81' lang='lat' dir='ltr'><strong>festinanter</strong></span> <span class='ocrx_word' id='word_1_430' title='bbox 1404 3070 1529 3141; x_wconf 89' lang='lat' dir='ltr'><strong>redisset,</strong></span> <span class='ocrx_word' id='word_1_431' title='bbox 1554 3070 1649 3126; x_wconf 89' lang='lat' dir='ltr'><strong>abbati</strong></span> <span class='ocrx_word' id='word_1_432' title='bbox 1672 3086 1725 3127; x_wconf 88' lang='lat' dir='ltr'><strong>suo</strong></span> <span class='ocrx_word' id='word_1_433' title='bbox 1754 3088 1812 3144; x_wconf 81' lang='lat' dir='ltr'><strong>quae</strong></span> 
     </span>
     <span class='ocr_line' id='line_1_33' title="bbox 165 3157 1815 3232; baseline 0.002 -18"><span class='ocrx_word' id='word_1_434' title='bbox 165 3158 327 3232; x_wconf 89' lang='lat' dir='ltr'><strong>peregrinos</strong></span> <span class='ocrx_word' id='word_1_435' title='bbox 338 3173 408 3230; x_wconf 90' lang='lat' dir='ltr'><strong>quos</strong></span> <span class='ocrx_word' id='word_1_436' title='bbox 423 3164 591 3230; x_wconf 82' lang='lat' dir='ltr'><strong>agnoverant</strong></span> <span class='ocrx_word' id='word_1_437' title='bbox 606 3157 847 3229; x_wconf 88' lang='lat' dir='ltr'><strong>advenisse.Ergo</strong></span> <span class='ocrx_word' id='word_1_438' title='bbox 857 3159 921 3214; x_wconf 94' lang='lat' dir='ltr'><strong>dum</strong></span> <span class='ocrx_word' id='word_1_439' title='bbox 931 3160 966 3216; x_wconf 89' lang='lat' dir='ltr'><strong>ad</strong></span> <span class='ocrx_word' id='word_1_440' title='bbox 1014 3158 1134 3213; x_wconf 88' lang='lat' dir='ltr'><strong>audierat</strong></span> <span class='ocrx_word' id='word_1_441' title='bbox 1153 3158 1294 3214; x_wconf 90' lang='lat' dir='ltr'><strong>nuntiavit.</strong></span> <span class='ocrx_word' id='word_1_442' title='bbox 1311 3158 1359 3215; x_wconf 88' lang='lat' dir='ltr'><strong>ille</strong></span> <span class='ocrx_word' id='word_1_443' title='bbox 1373 3160 1432 3216; x_wconf 81' lang='lat' dir='ltr'><strong>hac</strong></span> <span class='ocrx_word' id='word_1_444' title='bbox 1447 3159 1540 3214; x_wconf 92' lang='lat' dir='ltr'><strong>auditu</strong></span> <span class='ocrx_word' id='word_1_445' title='bbox 1550 3159 1719 3231; x_wconf 88' lang='lat' dir='ltr'><strong>percipiens,</strong></span> <span class='ocrx_word' id='word_1_446' title='bbox 1732 3160 1815 3218; x_wconf 85' lang='lat' dir='ltr'><strong>cocle·</strong></span> 
     </span>
     <span class='ocr_line' id='line_1_34' title="bbox 167 3245 1811 3322; baseline 0.002 -21"><span class='ocrx_word' id='word_1_447' title='bbox 167 3246 265 3303; x_wconf 91' lang='lat' dir='ltr'><strong>horam</strong></span> <span class='ocrx_word' id='word_1_448' title='bbox 280 3245 410 3301; x_wconf 90' lang='lat' dir='ltr'><strong>orationis</strong></span> <span class='ocrx_word' id='word_1_449' title='bbox 424 3255 626 3314; x_wconf 88' lang='lat' dir='ltr'><strong>concurrerent,</strong></span> <span class='ocrx_word' id='word_1_450' title='bbox 635 3247 868 3315; x_wconf 86' lang='lat' dir='ltr'><strong>jussuvenerandi</strong></span> <span class='ocrx_word' id='word_1_451' title='bbox 878 3248 964 3304; x_wconf 89' lang='lat' dir='ltr'><strong>abba·</strong></span> <span class='ocrx_word' id='word_1_452' title='bbox 1015 3248 1084 3303; x_wconf 91' lang='lat' dir='ltr'><strong>siam</strong></span> <span class='ocrx_word' id='word_1_453' title='bbox 1099 3247 1183 3318; x_wconf 90' lang='lat' dir='ltr'><strong>petiit,</strong></span> <span class='ocrx_word' id='word_1_454' title='bbox 1199 3256 1226 3306; x_wconf 89' lang='lat' dir='ltr'><strong>et</strong></span> <span class='ocrx_word' id='word_1_455' title='bbox 1240 3248 1320 3322; x_wconf 85' lang='lat' dir='ltr'><strong>signo</strong></span> <span class='ocrx_word' id='word_1_456' title='bbox 1333 3248 1451 3320; x_wconf 91' lang='lat' dir='ltr'><strong>pulsato,</strong></span> <span class='ocrx_word' id='word_1_457' title='bbox 1469 3247 1567 3306; x_wconf 87' lang='lat' dir='ltr'><strong>tratres</strong></span> <span class='ocrx_word' id='word_1_458' title='bbox 1577 3250 1729 3306; x_wconf 90' lang='lat' dir='ltr'><strong>convenire</strong></span> <span class='ocrx_word' id='word_1_459' title='bbox 1740 3250 1811 3308; x_wconf 88' lang='lat' dir='ltr'><strong>tecit.</strong></span> 
     </span>
     <span class='ocr_line' id='line_1_35' title="bbox 168 3334 1814 3410; baseline 0.003 -19"><span class='ocrx_word' id='word_1_460' title='bbox 168 3335 203 3393; x_wconf 90' lang='lat' dir='ltr'><strong>tis</strong></span> <span class='ocrx_word' id='word_1_461' title='bbox 218 3335 312 3392; x_wconf 89' lang='lat' dir='ltr'><strong>Gallus</strong></span> <span class='ocrx_word' id='word_1_462' title='bbox 327 3335 408 3408; x_wconf 89' lang='lat' dir='ltr'><strong>coepit</strong></span> <span class='ocrx_word' id='word_1_463' title='bbox 423 3334 495 3391; x_wconf 91' lang='lat' dir='ltr'><strong>viam</strong></span> <span class='ocrx_word' id='word_1_464' title='bbox 511 3335 629 3391; x_wconf 87' lang='lat' dir='ltr'><strong>veritatis</strong></span> <span class='ocrx_word' id='word_1_465' title='bbox 648 3337 793 3394; x_wconf 89' lang='lat' dir='ltr'><strong>ostendere</strong></span> <span class='ocrx_word' id='word_1_466' title='bbox 813 3338 922 3410; x_wconf 91' lang='lat' dir='ltr'><strong>populo,</strong></span> <span class='ocrx_word' id='word_1_467' title='bbox 939 3346 966 3394; x_wconf 92' lang='lat' dir='ltr'><strong>et</strong></span> <span class='ocrx_word' id='word_1_468' title='bbox 1015 3337 1094 3392; x_wconf 91' lang='lat' dir='ltr'><strong>Prius</strong></span> <span class='ocrx_word' id='word_1_469' title='bbox 1109 3344 1198 3393; x_wconf 90' lang='lat' dir='ltr'><strong>autem</strong></span> <span class='ocrx_word' id='word_1_470' title='bbox 1209 3352 1290 3409; x_wconf 90' lang='lat' dir='ltr'><strong>quam</strong></span> <span class='ocrx_word' id='word_1_471' title='bbox 1305 3337 1408 3394; x_wconf 89' lang='lat' dir='ltr'><strong>initium</strong></span> <span class='ocrx_word' id='word_1_472' title='bbox 1419 3337 1555 3409; x_wconf 91' lang='lat' dir='ltr'><strong>psallendi</strong></span> <span class='ocrx_word' id='word_1_473' title='bbox 1564 3337 1708 3406; x_wconf 86' lang='lat' dir='ltr'><strong>iecissent,</strong></span> <span class='ocrx_word' id='word_1_474' title='bbox 1719 3339 1814 3396; x_wconf 77' lang='lat' dir='ltr'><strong>andita</strong></span> 
     </span>
     <span class='ocr_line' id='line_1_36' title="bbox 169 3424 1812 3500; baseline 0.004 -22"><span class='ocrx_word' id='word_1_475' title='bbox 169 3431 198 3479; x_wconf 92' lang='lat' dir='ltr'><strong>ut</strong></span> <span class='ocrx_word' id='word_1_476' title='bbox 212 3424 246 3479; x_wconf 92' lang='lat' dir='ltr'><strong>ad</strong></span> <span class='ocrx_word' id='word_1_477' title='bbox 261 3424 349 3480; x_wconf 89' lang='lat' dir='ltr'><strong>Deum</strong></span> <span class='ocrx_word' id='word_1_478' title='bbox 364 3431 588 3481; x_wconf 87' lang='lat' dir='ltr'><strong>converterentur</strong></span> <span class='ocrx_word' id='word_1_479' title='bbox 602 3425 760 3496; x_wconf 88' lang='lat' dir='ltr'><strong>admonere,</strong></span> <span class='ocrx_word' id='word_1_480' title='bbox 785 3434 866 3500; x_wconf 89' lang='lat' dir='ltr'><strong>utque</strong></span> <span class='ocrx_word' id='word_1_481' title='bbox 887 3429 965 3484; x_wconf 91' lang='lat' dir='ltr'><strong>vanis</strong></span> <span class='ocrx_word' id='word_1_482' title='bbox 1016 3434 1078 3480; x_wconf 92' lang='lat' dir='ltr'><strong>sunt</strong></span> <span class='ocrx_word' id='word_1_483' title='bbox 1096 3426 1163 3482; x_wconf 76' lang='lat' dir='ltr'><strong>dirae</strong></span> <span class='ocrx_word' id='word_1_484' title='bbox 1178 3441 1260 3482; x_wconf 85' lang='lat' dir='ltr'><strong>voces</strong></span> <span class='ocrx_word' id='word_1_485' title='bbox 1275 3427 1471 3482; x_wconf 82' lang='lat' dir='ltr'><strong>daemoniomm</strong></span> <span class='ocrx_word' id='word_1_486' title='bbox 1485 3444 1536 3500; x_wconf 91' lang='lat' dir='ltr'><strong>per</strong></span> <span class='ocrx_word' id='word_1_487' title='bbox 1549 3428 1684 3483; x_wconf 91' lang='lat' dir='ltr'><strong>montium</strong></span> <span class='ocrx_word' id='word_1_488' title='bbox 1700 3430 1812 3484; x_wconf 85' lang='lat' dir='ltr'><strong>sumnu-</strong></span> 
     </span>
     <span class='ocr_line' id='line_1_37' title="bbox 167 3512 1812 3588; baseline 0.005 -21"><span class='ocrx_word' id='word_1_489' title='bbox 167 3512 279 3582; x_wconf 88' lang='lat' dir='ltr'><strong>abjectis</strong></span> <span class='ocrx_word' id='word_1_490' title='bbox 293 3514 439 3571; x_wconf 89' lang='lat' dir='ltr'><strong>adorarent</strong></span> <span class='ocrx_word' id='word_1_491' title='bbox 452 3515 540 3570; x_wconf 90' lang='lat' dir='ltr'><strong>Deum</strong></span> <span class='ocrx_word' id='word_1_492' title='bbox 554 3516 669 3582; x_wconf 89' lang='lat' dir='ltr'><strong>Patrem,</strong></span> <span class='ocrx_word' id='word_1_493' title='bbox 682 3516 965 3573; x_wconf 87' lang='lat' dir='ltr'><strong>creatoremomnium</strong></span> <span class='ocrx_word' id='word_1_494' title='bbox 1015 3522 1095 3583; x_wconf 89' lang='lat' dir='ltr'><strong>tates,</strong></span> <span class='ocrx_word' id='word_1_495' title='bbox 1112 3524 1138 3571; x_wconf 91' lang='lat' dir='ltr'><strong>et</strong></span> <span class='ocrx_word' id='word_1_496' title='bbox 1161 3515 1241 3588; x_wconf 88' lang='lat' dir='ltr'><strong>quasi</strong></span> <span class='ocrx_word' id='word_1_497' title='bbox 1260 3515 1457 3572; x_wconf 91' lang='lat' dir='ltr'><strong>discedentium</strong></span> <span class='ocrx_word' id='word_1_498' title='bbox 1482 3517 1598 3587; x_wconf 87' lang='lat' dir='ltr'><strong>ejulatus</strong></span> <span class='ocrx_word' id='word_1_499' title='bbox 1622 3533 1686 3574; x_wconf 91' lang='lat' dir='ltr'><strong>cum</strong></span> <span class='ocrx_word' id='word_1_500' title='bbox 1709 3527 1812 3575; x_wconf 87' lang='lat' dir='ltr'><strong>terrore</strong></span> 
     </span>
     <span class='ocr_line' id='line_1_38' title="bbox 166 3603 1812 3679; baseline 0.004 -22"><span class='ocrx_word' id='word_1_501' title='bbox 166 3618 267 3669; x_wconf 86' lang='lat' dir='ltr'><strong>rerum,</strong></span> <span class='ocrx_word' id='word_1_502' title='bbox 284 3610 311 3659; x_wconf 92' lang='lat' dir='ltr'><strong>et</strong></span> <span class='ocrx_word' id='word_1_503' title='bbox 325 3603 494 3676; x_wconf 90' lang='lat' dir='ltr'><strong>unigenitum</strong></span> <span class='ocrx_word' id='word_1_504' title='bbox 509 3603 606 3660; x_wconf 90' lang='lat' dir='ltr'><strong>Filium</strong></span> <span class='ocrx_word' id='word_1_505' title='bbox 620 3605 678 3674; x_wconf 89' lang='lat' dir='ltr'><strong>ejus</strong></span> <span class='ocrx_word' id='word_1_506' title='bbox 696 3605 725 3660; x_wconf 94' lang='lat' dir='ltr'><strong>in</strong></span> <span class='ocrx_word' id='word_1_507' title='bbox 749 3621 802 3678; x_wconf 91' lang='lat' dir='ltr'><strong>quo</strong></span> <span class='ocrx_word' id='word_1_508' title='bbox 817 3613 858 3661; x_wconf 92' lang='lat' dir='ltr'><strong>est</strong></span> <span class='ocrx_word' id='word_1_509' title='bbox 878 3606 963 3673; x_wconf 89' lang='lat' dir='ltr'><strong>salus,</strong></span> <span class='ocrx_word' id='word_1_510' title='bbox 1016 3604 1153 3662; x_wconf 84' lang='lat' dir='ltr'><strong>contusus.</strong></span> <span class='ocrx_word' id='word_1_511' title='bbox 1171 3606 1234 3663; x_wconf 89' lang='lat' dir='ltr'><strong>Haec</strong></span> <span class='ocrx_word' id='word_1_512' title='bbox 1249 3606 1390 3662; x_wconf 89' lang='lat' dir='ltr'><strong>audientes</strong></span> <span class='ocrx_word' id='word_1_513' title='bbox 1407 3608 1477 3663; x_wconf 86' lang='lat' dir='ltr'><strong>servi</strong></span> <span class='ocrx_word' id='word_1_514' title='bbox 1494 3606 1554 3673; x_wconf 90' lang='lat' dir='ltr'><strong>Dei,</strong></span> <span class='ocrx_word' id='word_1_515' title='bbox 1570 3614 1812 3679; x_wconf 84' lang='lat' dir='ltr'><strong>prostraveruntse</strong></span> 
     </span>
     <span class='ocr_line' id='line_1_39' title="bbox 165 3691 1812 3769; baseline 0.003 -21"><span class='ocrx_word' id='word_1_516' title='bbox 165 3691 218 3748; x_wconf 90' lang='lat' dir='ltr'><strong>vita</strong></span> <span class='ocrx_word' id='word_1_517' title='bbox 234 3699 260 3748; x_wconf 90' lang='lat' dir='ltr'><strong>et</strong></span> <span class='ocrx_word' id='word_1_518' title='bbox 274 3693 440 3750; x_wconf 89' lang='lat' dir='ltr'><strong>resurrectio</strong></span> <span class='ocrx_word' id='word_1_519' title='bbox 455 3702 633 3750; x_wconf 89' lang='lat' dir='ltr'><strong>mortuorum.</strong></span> <span class='ocrx_word' id='word_1_520' title='bbox 658 3695 692 3749; x_wconf 89' lang='lat' dir='ltr'><strong>Et</strong></span> <span class='ocrx_word' id='word_1_521' title='bbox 705 3694 733 3749; x_wconf 94' lang='lat' dir='ltr'><strong>in</strong></span> <span class='ocrx_word' id='word_1_522' title='bbox 748 3702 895 3768; x_wconf 89' lang='lat' dir='ltr'><strong>conspectu</strong></span> <span class='ocrx_word' id='word_1_523' title='bbox 907 3709 966 3751; x_wconf 90' lang='lat' dir='ltr'><strong>om·</strong></span> <span class='ocrx_word' id='word_1_524' title='bbox 1015 3695 1044 3751; x_wconf 89' lang='lat' dir='ltr'><strong>in</strong></span> <span class='ocrx_word' id='word_1_525' title='bbox 1057 3695 1218 3764; x_wconf 91' lang='lat' dir='ltr'><strong>orationem,</strong></span> <span class='ocrx_word' id='word_1_526' title='bbox 1236 3695 1344 3751; x_wconf 91' lang='lat' dir='ltr'><strong>Domini</strong></span> <span class='ocrx_word' id='word_1_527' title='bbox 1359 3695 1527 3768; x_wconf 91' lang='lat' dir='ltr'><strong>postulantes</strong></span> <span class='ocrx_word' id='word_1_528' title='bbox 1541 3697 1753 3769; x_wconf 86' lang='lat' dir='ltr'><strong>protectionem,</strong></span> <span class='ocrx_word' id='word_1_529' title='bbox 1777 3697 1812 3753; x_wconf 91' lang='lat' dir='ltr'><strong>illi</strong></span> 
     </span>
     <span class='ocr_line' id='line_1_40' title="bbox 163 3780 1810 3858; baseline 0.004 -21"><span class='ocrx_word' id='word_1_530' title='bbox 163 3780 238 3839; x_wconf 92' lang='lat' dir='ltr'><strong>nium</strong></span> <span class='ocrx_word' id='word_1_531' title='bbox 260 3781 392 3854; x_wconf 90' lang='lat' dir='ltr'><strong>arripiens</strong></span> <span class='ocrx_word' id='word_1_532' title='bbox 414 3783 566 3854; x_wconf 86' lang='lat' dir='ltr'><strong>simulacra,</strong></span> <span class='ocrx_word' id='word_1_533' title='bbox 595 3790 621 3838; x_wconf 91' lang='lat' dir='ltr'><strong>et</strong></span> <span class='ocrx_word' id='word_1_534' title='bbox 655 3783 792 3856; x_wconf 90' lang='lat' dir='ltr'><strong>lapidibus</strong></span> <span class='ocrx_word' id='word_1_535' title='bbox 822 3784 851 3839; x_wconf 93' lang='lat' dir='ltr'><strong>in</strong></span> <span class='ocrx_word' id='word_1_536' title='bbox 878 3783 966 3840; x_wconf 87' lang='lat' dir='ltr'><strong>trusta</strong></span> <span class='ocrx_word' id='word_1_537' title='bbox 1015 3800 1067 3857; x_wconf 87' lang='lat' dir='ltr'><strong>que</strong></span> <span class='ocrx_word' id='word_1_538' title='bbox 1083 3784 1177 3840; x_wconf 90' lang='lat' dir='ltr'><strong>laudes</strong></span> <span class='ocrx_word' id='word_1_539' title='bbox 1191 3794 1218 3841; x_wconf 93' lang='lat' dir='ltr'><strong>et</strong></span> <span class='ocrx_word' id='word_1_540' title='bbox 1227 3786 1535 3858; x_wconf 90' lang='lat' dir='ltr'><strong>gratiaspersolventes,</strong></span> <span class='ocrx_word' id='word_1_541' title='bbox 1553 3785 1673 3858; x_wconf 87' lang='lat' dir='ltr'><strong>quiaeos</strong></span> <span class='ocrx_word' id='word_1_542' title='bbox 1683 3787 1810 3844; x_wconf 85' lang='lat' dir='ltr'><strong>liberare·</strong></span> 
     </span>
     <span class='ocr_line' id='line_1_41' title="bbox 164 3871 1621 3949; baseline 0.002 -21"><span class='ocrx_word' id='word_1_543' title='bbox 164 3871 362 3939; x_wconf 81' lang='lat' dir='ltr'><strong>comminuens,</strong></span> <span class='ocrx_word' id='word_1_544' title='bbox 385 3872 498 3942; x_wconf 90' lang='lat' dir='ltr'><strong>projecit</strong></span> <span class='ocrx_word' id='word_1_545' title='bbox 517 3872 545 3926; x_wconf 92' lang='lat' dir='ltr'><strong>in</strong></span> <span class='ocrx_word' id='word_1_546' title='bbox 562 3873 660 3928; x_wconf 90' lang='lat' dir='ltr'><strong>lacum.</strong></span> <span class='ocrx_word' id='word_1_547' title='bbox 683 3872 732 3928; x_wconf 85' lang='lat' dir='ltr'><strong>llis</strong></span> <span class='ocrx_word' id='word_1_548' title='bbox 754 3871 820 3928; x_wconf 91' lang='lat' dir='ltr'><strong>visis</strong></span> <span class='ocrx_word' id='word_1_549' title='bbox 843 3873 966 3928; x_wconf 88' lang='lat' dir='ltr'><strong>nonnulli</strong></span> <span class='ocrx_word' id='word_1_550' title='bbox 1016 3873 1143 3948; x_wconf 89' lang='lat' dir='ltr'><strong>dignatus</strong></span> <span class='ocrx_word' id='word_1_551' title='bbox 1162 3882 1204 3931; x_wconf 92' lang='lat' dir='ltr'><strong>est</strong></span> <span class='ocrx_word' id='word_1_552' title='bbox 1218 3875 1252 3931; x_wconf 90' lang='lat' dir='ltr'><strong>de</strong></span> <span class='ocrx_word' id='word_1_553' title='bbox 1267 3875 1416 3931; x_wconf 90' lang='lat' dir='ltr'><strong>terroribus</strong></span> <span class='ocrx_word' id='word_1_554' title='bbox 1428 3875 1621 3949; x_wconf 90' lang='lat' dir='ltr'><strong>malignorum.</strong></span> 
     </span>
     <span class='ocr_line' id='line_1_42' title="bbox 165 3960 1513 4039; baseline 0.004 -25"><span class='ocrx_word' id='word_1_555' title='bbox 165 3961 291 4018; x_wconf 80' lang='lat' dir='ltr'><strong>conversi</strong></span> <span class='ocrx_word' id='word_1_556' title='bbox 306 3967 367 4016; x_wconf 91' lang='lat' dir='ltr'><strong>sunt</strong></span> <span class='ocrx_word' id='word_1_557' title='bbox 385 3961 420 4015; x_wconf 90' lang='lat' dir='ltr'><strong>ad</strong></span> <span class='ocrx_word' id='word_1_558' title='bbox 443 3960 598 4028; x_wconf 92' lang='lat' dir='ltr'><strong>Dominum,</strong></span> <span class='ocrx_word' id='word_1_559' title='bbox 623 3969 650 4016; x_wconf 90' lang='lat' dir='ltr'><strong>et</strong></span> <span class='ocrx_word' id='word_1_560' title='bbox 672 3960 832 4018; x_wconf 85' lang='lat' dir='ltr'><strong>confitentes</strong></span> <span class='ocrx_word' id='word_1_561' title='bbox 854 3970 966 4034; x_wconf 89' lang='lat' dir='ltr'><strong>peccata</strong></span> <span class='ocrx_word' id='word_1_562' title='bbox 1314 3981 1425 4039; x_wconf 65' lang='lat' dir='ltr'><strong>ggpgp</strong></span> <span class='ocrx_word' id='word_1_563' title='bbox 1443 3983 1513 4037; x_wconf 68' lang='lat' dir='ltr'><strong>vpp</strong></span> 
     </span>
    </p>
   </div>
   <div class='ocr_carea' id='block_1_7' title="bbox 164 4048 1810 4233">
    <p class='ocr_par' dir='ltr' id='par_1_7' title="bbox 164 4048 1810 4233">
     <span class='ocr_line' id='line_1_43' title="bbox 164 4048 1807 4147; baseline 0.004 -7"><span class='ocrx_word' id='word_1_564' title='bbox 164 4064 224 4119; x_wconf 51' lang='grc' dir='ltr'><strong>Μ’</strong></span> <span class='ocrx_word' id='word_1_565' title='bbox 239 4049 333 4105; x_wconf 63' lang='lat' dir='ltr'><strong>laudes</strong></span> <span class='ocrx_word' id='word_1_566' title='bbox 348 4048 464 4105; x_wconf 60' lang='lat' dir='ltr'><strong>D⁰mi¹¹⁰</strong></span> <span class='ocrx_word' id='word_1_567' title='bbox 479 4065 528 4120; x_wconf 67' lang='lat' dir='ltr'><strong>pm</strong></span> <span class='ocrx_word' id='word_1_568' title='bbox 543 4066 592 4105; x_wconf 67' lang='lat'><strong>⁵¹¹³</strong></span> <span class='ocrx_word' id='word_1_569' title='bbox 606 4049 803 4107; x_wconf 56' lang='lat' dir='ltr'><strong>inuminatmne</strong></span> <span class='ocrx_word' id='word_1_570' title='bbox 814 4050 963 4107; x_wconf 59' lang='lat' dir='ltr'><strong>dederunt·</strong></span> <span class='ocrx_word' id='word_1_571' title='bbox 1018 4088 1188 4144; x_wconf 78' lang='lat' dir='ltr'><strong>Ducbtnotio</strong></span> <span class='ocrx_word' id='word_1_572' title='bbox 1199 4089 1349 4144; x_wconf 81' lang='lat' dir='ltr'><strong>etmotitio</strong></span> <span class='ocrx_word' id='word_1_573' title='bbox 1367 4090 1528 4145; x_wconf 83' lang='lat' dir='ltr'><strong>incolarum</strong></span> <span class='ocrx_word' id='word_1_574' title='bbox 1538 4089 1674 4147; x_wconf 80' lang='lat' dir='ltr'><strong>aduersos</strong></span> <span class='ocrx_word' id='word_1_575' title='bbox 1699 4094 1807 4147; x_wconf 79' lang='lat' dir='ltr'><strong>sanctos</strong></span> 
     </span>
     <span class='ocr_line' id='line_1_44' title="bbox 164 4137 1810 4233; baseline 0.005 -39"><span class='ocrx_word' id='word_1_576' title='bbox 164 4137 218 4194; x_wconf 82' lang='lat' dir='ltr'><strong>Alii</strong></span> <span class='ocrx_word' id='word_1_577' title='bbox 232 4146 340 4210; x_wconf 89' lang='lat' dir='ltr'><strong>propter</strong></span> <span class='ocrx_word' id='word_1_578' title='bbox 353 4137 502 4210; x_wconf 87' lang='lat' dir='ltr'><strong>imaginum</strong></span> <span class='ocrx_word' id='word_1_579' title='bbox 522 4139 761 4195; x_wconf 89' lang='lat' dir='ltr'><strong>comminutionem</strong></span> <span class='ocrx_word' id='word_1_580' title='bbox 775 4140 816 4195; x_wconf 86' lang='lat' dir='ltr'><strong>ira</strong></span> <span class='ocrx_word' id='word_1_581' title='bbox 831 4147 858 4196; x_wconf 89' lang='lat' dir='ltr'><strong>et</strong></span> <span class='ocrx_word' id='word_1_582' title='bbox 874 4143 966 4196; x_wconf 89' lang='lat' dir='ltr'><strong>lurore</strong></span> <span class='ocrx_word' id='word_1_583' title='bbox 1052 4161 1135 4224; x_wconf 53' lang='lat' dir='ltr'><strong><em>viros,</em></strong></span> <span class='ocrx_word' id='word_1_584' title='bbox 1147 4163 1176 4214; x_wconf 65' lang='lat' dir='ltr'><strong>et</strong></span> <span class='ocrx_word' id='word_1_585' title='bbox 1189 4163 1251 4231; x_wconf 54' lang='lat' dir='ltr'><strong>po„</strong></span> <span class='ocrx_word' id='word_1_586' title='bbox 1265 4164 1438 4233; x_wconf 62' lang='lat' dir='ltr'><strong>proeoepqum</strong></span> <span class='ocrx_word' id='word_1_587' title='bbox 1452 4160 1532 4217; x_wconf 59' lang='lat' dir='ltr'><strong>dmg</strong></span> <span class='ocrx_word' id='word_1_588' title='bbox 1549 4162 1706 4218; x_wconf 62' lang='lat' dir='ltr'><strong>commum</strong></span> <span class='ocrx_word' id='word_1_589' title='bbox 1723 4163 1810 4218; x_wconf 54' lang='grc' dir='ltr'>(ωσι.</span> 
     </span>
    </p>
   </div>
   <div class='ocr_carea' id='block_1_8' title="bbox 109 4227 1815 5300">
    <p class='ocr_par' dir='ltr' id='par_1_8' title="bbox 162 4227 1146 4302">
     <span class='ocr_line' id='line_1_45' title="bbox 162 4227 1146 4302; baseline -0.001 -17"><span class='ocrx_word' id='word_1_590' title='bbox 162 4227 301 4296; x_wconf 88' lang='lat' dir='ltr'><strong>eommoti,</strong></span> <span class='ocrx_word' id='word_1_591' title='bbox 317 4228 396 4302; x_wconf 89' lang='lat' dir='ltr'><strong>gravi</strong></span> <span class='ocrx_word' id='word_1_592' title='bbox 406 4228 602 4302; x_wconf 91' lang='lat' dir='ltr'><strong>indignationis</strong></span> <span class='ocrx_word' id='word_1_593' title='bbox 623 4228 701 4285; x_wconf 91' lang='lat' dir='ltr'><strong>rabie</strong></span> <span class='ocrx_word' id='word_1_594' title='bbox 720 4228 819 4284; x_wconf 91' lang='lat' dir='ltr'><strong>turbidi</strong></span> <span class='ocrx_word' id='word_1_595' title='bbox 837 4245 963 4286; x_wconf 87' lang='lat' dir='ltr'><strong>recesse-</strong></span> <span class='ocrx_word' id='word_1_596' title='bbox 1052 4229 1146 4286; x_wconf 82' lang='lat' dir='ltr'><strong>dandi.</strong></span> 
     </span>
    </p>

    <p class='ocr_par' dir='ltr' id='par_1_9' title="bbox 109 4317 1815 5300">
     <span class='ocr_line' id='line_1_46' title="bbox 160 4317 1814 4410; baseline 0.006 -26"><span class='ocrx_word' id='word_1_597' title='bbox 160 4325 232 4372; x_wconf 71' lang='lat' dir='ltr'><strong>runi·</strong></span> <span class='ocrx_word' id='word_1_598' title='bbox 248 4317 961 4391; x_wconf 65' lang='lat' dir='ltr'><strong>ssesslflstuiemC⁰l¹1¹¹¹b³1111⁵tussilaquamiffelri»</strong></span> <span class='ocrx_word' id='word_1_599' title='bbox 1055 4337 1160 4392; x_wconf 89' lang='lat' dir='ltr'><strong>Interea</strong></span> <span class='ocrx_word' id='word_1_600' title='bbox 1175 4335 1296 4392; x_wconf 90' lang='lat' dir='ltr'><strong>nonnulli</strong></span> <span class='ocrx_word' id='word_1_601' title='bbox 1319 4336 1417 4394; x_wconf 87' lang='lat' dir='ltr'><strong>civium</strong></span> <span class='ocrx_word' id='word_1_602' title='bbox 1433 4345 1546 4410; x_wconf 90' lang='lat' dir='ltr'><strong>propter</strong></span> <span class='ocrx_word' id='word_1_603' title='bbox 1556 4336 1695 4394; x_wconf 89' lang='lat' dir='ltr'><strong>idolomm</strong></span> <span class='ocrx_word' id='word_1_604' title='bbox 1706 4353 1814 4396; x_wconf 87' lang='lat' dir='ltr'><strong>suorum</strong></span> 
     </span>
     <span class='ocr_line' id='line_1_47' title="bbox 162 4406 1814 4497; baseline 0.005 -22"><span class='ocrx_word' id='word_1_605' title='bbox 162 4413 188 4462; x_wconf 75' lang='grc' dir='ltr'><strong>θῐ</strong></span> <span class='ocrx_word' id='word_1_606' title='bbox 203 4406 368 4463; x_wconf 64' lang='lat' dir='ltr'><strong>benedicens</strong></span> <span class='ocrx_word' id='word_1_607' title='bbox 383 4406 457 4463; x_wconf 59' lang='lat' dir='ltr'><strong>illam</strong></span> <span class='ocrx_word' id='word_1_608' title='bbox 468 4406 776 4478; x_wconf 87' lang='lat' dir='ltr'><strong>aspersiteatemplum,</strong></span> <span class='ocrx_word' id='word_1_609' title='bbox 792 4416 819 4463; x_wconf 75' lang='grc' dir='ltr'><strong>θῑ</strong></span> <span class='ocrx_word' id='word_1_610' title='bbox 833 4408 897 4464; x_wconf 73' lang='lat' dir='ltr'><strong>dum</strong></span> <span class='ocrx_word' id='word_1_611' title='bbox 907 4408 960 4464; x_wconf 69' lang='lat' dir='ltr'>Gis·</span> <span class='ocrx_word' id='word_1_612' title='bbox 973 4417 1196 4493; x_wconf 88' lang='lat' dir='ltr'><strong>Dabolitionem,</strong></span> <span class='ocrx_word' id='word_1_613' title='bbox 1211 4426 1415 4497; x_wconf 75' lang='lat' dir='ltr'><strong>praedicationis</strong></span> <span class='ocrx_word' id='word_1_614' title='bbox 1439 4442 1535 4482; x_wconf 90' lang='lat' dir='ltr'><strong>eorum</strong></span> <span class='ocrx_word' id='word_1_615' title='bbox 1561 4427 1666 4482; x_wconf 90' lang='lat' dir='ltr'><strong>monita</strong></span> <span class='ocrx_word' id='word_1_616' title='bbox 1695 4436 1814 4484; x_wconf 65' lang='lat' dir='ltr'><strong>conmm-</strong></span> 
     </span>
     <span class='ocr_line' id='line_1_48' title="bbox 115 4493 1812 4586; baseline 0.004 -35"><span class='ocrx_word' id='word_1_617' title='bbox 115 4493 117 4497; x_wconf 19' lang='grc' dir='ltr'><strong>ῃ</strong></span> <span class='ocrx_word' id='word_1_618' title='bbox 158 4495 264 4551; x_wconf 78' lang='lat' dir='ltr'><strong>enitent</strong></span> <span class='ocrx_word' id='word_1_619' title='bbox 277 4495 434 4566; x_wconf 65' lang='lat' dir='ltr'><strong>psallentes,</strong></span> <span class='ocrx_word' id='word_1_620' title='bbox 452 4495 588 4551; x_wconf 68' lang='lat' dir='ltr'><strong>dCdlCflVll</strong></span> <span class='ocrx_word' id='word_1_621' title='bbox 603 4494 757 4552; x_wconf 70' lang='lat' dir='ltr'><strong>ecclesiam.</strong></span> <span class='ocrx_word' id='word_1_622' title='bbox 769 4496 875 4553; x_wconf 80' lang='lat' dir='ltr'><strong>Deinde</strong></span> <span class='ocrx_word' id='word_1_623' title='bbox 886 4497 961 4554; x_wconf 85' lang='lat' dir='ltr'><strong>invo·</strong></span> <span class='ocrx_word' id='word_1_624' title='bbox 1013 4514 1520 4586; x_wconf 57' lang='lat' dir='ltr'><strong>nentes,goepepun100ntpagosodia</strong></span> <span class='ocrx_word' id='word_1_625' title='bbox 1536 4516 1812 4585; x_wconf 58' lang='lat' dir='ltr'><strong>goncitgre,insjdjgg</strong></span> 
     </span>
     <span class='ocr_line' id='line_1_49' title="bbox 158 4584 1813 4679; baseline 0.003 -37"><span class='ocrx_word' id='word_1_626' title='bbox 158 4592 218 4642; x_wconf 75' lang='grc' dir='ltr'><strong>03Ῑο</strong></span> <span class='ocrx_word' id='word_1_627' title='bbox 232 4585 343 4641; x_wconf 74' lang='lat' dir='ltr'><strong>nomine</strong></span> <span class='ocrx_word' id='word_1_628' title='bbox 357 4585 476 4652; x_wconf 72' lang='lat' dir='ltr'><strong>Domini,</strong></span> <span class='ocrx_word' id='word_1_629' title='bbox 493 4584 568 4640; x_wconf 83' lang='lat' dir='ltr'><strong>unxit</strong></span> <span class='ocrx_word' id='word_1_630' title='bbox 583 4584 677 4652; x_wconf 68' lang='lat' dir='ltr'><strong>dlldl&#39;e,</strong></span> <span class='ocrx_word' id='word_1_631' title='bbox 698 4593 724 4641; x_wconf 80' lang='grc' dir='ltr'><strong>ΘῙ</strong></span> <span class='ocrx_word' id='word_1_632' title='bbox 738 4585 825 4642; x_wconf 73' lang='lat' dir='ltr'><strong>bedlae</strong></span> <span class='ocrx_word' id='word_1_633' title='bbox 840 4586 959 4644; x_wconf 58' lang='lat' dir='ltr'><strong>Aureli&amp;</strong></span> <span class='ocrx_word' id='word_1_634' title='bbox 1010 4604 1170 4660; x_wconf 54' lang='lat' dir='ltr'><strong>machinari,</strong></span> <span class='ocrx_word' id='word_1_635' title='bbox 1187 4603 1247 4673; x_wconf 75' lang='lat' dir='ltr'><strong>Qua</strong></span> <span class='ocrx_word' id='word_1_636' title='bbox 1264 4604 1346 4660; x_wconf 70' lang='lat' dir='ltr'><strong>etiam</strong></span> <span class='ocrx_word' id='word_1_637' title='bbox 1368 4604 1518 4660; x_wconf 68' lang='lat' dir='ltr'><strong>intentione</strong></span> <span class='ocrx_word' id='word_1_638' title='bbox 1540 4605 1665 4660; x_wconf 67' lang='lat' dir='ltr'><strong>locorum</strong></span> <span class='ocrx_word' id='word_1_639' title='bbox 1691 4606 1813 4679; x_wconf 70' lang='lat' dir='ltr'><strong>ipsorum</strong></span> 
     </span>
     <span class='ocr_line' id='line_1_50' title="bbox 109 4671 1812 4767; baseline 0.004 -39"><span class='ocrx_word' id='word_1_640' title='bbox 109 4756 110 4760; x_wconf 7' lang='grc' dir='ltr'><strong>Ἰ</strong></span> <span class='ocrx_word' id='word_1_641' title='bbox 159 4671 290 4747; x_wconf 88' lang='lat' dir='ltr'><strong>reliquias</strong></span> <span class='ocrx_word' id='word_1_642' title='bbox 304 4673 331 4729; x_wconf 94' lang='lat' dir='ltr'><strong>in</strong></span> <span class='ocrx_word' id='word_1_643' title='bbox 348 4689 381 4730; x_wconf 92' lang='lat' dir='ltr'><strong>eo</strong></span> <span class='ocrx_word' id='word_1_644' title='bbox 395 4674 549 4740; x_wconf 87' lang='lat' dir='ltr'><strong>collocavit,</strong></span> <span class='ocrx_word' id='word_1_645' title='bbox 575 4673 727 4746; x_wconf 89' lang='lat' dir='ltr'><strong>vestitoque</strong></span> <span class='ocrx_word' id='word_1_646' title='bbox 748 4675 834 4742; x_wconf 91' lang='lat' dir='ltr'><strong>altari,</strong></span> <span class='ocrx_word' id='word_1_647' title='bbox 861 4676 960 4732; x_wconf 88' lang='lat' dir='ltr'><strong>missas</strong></span> <span class='ocrx_word' id='word_1_648' title='bbox 1011 4693 1426 4760; x_wconf 59' lang='lat' dir='ltr'><strong>dugem‚n0m1ne(}un20n0m,</strong></span> <span class='ocrx_word' id='word_1_649' title='bbox 1448 4693 1586 4760; x_wconf 54' lang='lat' dir='ltr'><strong>adierunt,</strong></span> <span class='ocrx_word' id='word_1_650' title='bbox 1613 4703 1640 4750; x_wconf 58' lang='lat' dir='ltr'><strong>eq</strong></span> <span class='ocrx_word' id='word_1_651' title='bbox 1658 4696 1733 4767; x_wconf 62' lang='lat' dir='ltr'><strong>apud</strong></span> <span class='ocrx_word' id='word_1_652' title='bbox 1752 4713 1812 4752; x_wconf 61' lang='lat' dir='ltr'><strong>eum</strong></span> 
     </span>
     <span class='ocr_line' id='line_1_51' title="bbox 157 4761 1812 4856; baseline 0.004 -19"><span class='ocrx_word' id='word_1_653' title='bbox 157 4762 279 4837; x_wconf 53' lang='lat' dir='ltr'><strong>legitime</strong></span> <span class='ocrx_word' id='word_1_654' title='bbox 293 4762 508 4834; x_wconf 65' lang='lat' dir='ltr'><strong>⁰0¹¹¹ll¹eV⁸l¹¹⁰¹·</strong></span> <span class='ocrx_word' id='word_1_655' title='bbox 526 4761 816 4836; x_wconf 62' lang='lat' dir='ltr'><strong>omnibUSita&lt;luirite</strong></span> <span class='ocrx_word' id='word_1_656' title='bbox 831 4765 957 4836; x_wconf 56' lang='lat' dir='ltr'><strong>pelamis»</strong></span> <span class='ocrx_word' id='word_1_657' title='bbox 1010 4790 1206 4840; x_wconf 88' lang='lat' dir='ltr'><strong>aecusavemnt</strong></span> <span class='ocrx_word' id='word_1_658' title='bbox 1229 4791 1348 4853; x_wconf 88' lang='lat' dir='ltr'><strong>sanctos,</strong></span> <span class='ocrx_word' id='word_1_659' title='bbox 1359 4782 1666 4840; x_wconf 90' lang='lat' dir='ltr'><strong>dicentesvenationem</strong></span> <span class='ocrx_word' id='word_1_660' title='bbox 1676 4785 1812 4856; x_wconf 85' lang='lat' dir='ltr'><strong>publicam</strong></span> 
     </span>
     <span class='ocr_line' id='line_1_52' title="bbox 160 4851 1811 4946; baseline 0.004 -23"><span class='ocrx_word' id='word_1_661' title='bbox 160 4866 288 4909; x_wconf 58' lang='lat' dir='ltr'><strong>felisius</strong></span> <span class='ocrx_word' id='word_1_662' title='bbox 311 4860 352 4909; x_wconf 57' lang='lat'><strong>2⁵²</strong></span> <span class='ocrx_word' id='word_1_663' title='bbox 372 4852 490 4924; x_wconf 60' lang='grc' dir='ltr'><strong>ΡΟΙΝῙΠ8</strong></span> <span class='ocrx_word' id='word_1_664' title='bbox 516 4851 544 4906; x_wconf 70' lang='lat' dir='ltr'><strong>in</strong></span> <span class='ocrx_word' id='word_1_665' title='bbox 568 4867 616 4907; x_wconf 67' lang='lat'><strong>³1¹³</strong></span> <span class='ocrx_word' id='word_1_666' title='bbox 640 4867 701 4908; x_wconf 70' lang='lat'>⁰1¹¹1¹</span> <span class='ocrx_word' id='word_1_667' title='bbox 724 4853 824 4926; x_wconf 71' lang='lat' dir='ltr'>8⁸¹¹le</span> <span class='ocrx_word' id='word_1_668' title='bbox 846 4869 956 4927; x_wconf 61' lang='lat' dir='ltr'><strong>milam·</strong></span> <span class='ocrx_word' id='word_1_669' title='bbox 1009 4871 1037 4927; x_wconf 91' lang='lat' dir='ltr'><strong>in</strong></span> <span class='ocrx_word' id='word_1_670' title='bbox 1051 4871 1155 4927; x_wconf 89' lang='lat' dir='ltr'><strong>eisdem</strong></span> <span class='ocrx_word' id='word_1_671' title='bbox 1170 4870 1238 4927; x_wconf 89' lang='lat' dir='ltr'><strong>locis</strong></span> <span class='ocrx_word' id='word_1_672' title='bbox 1253 4881 1365 4943; x_wconf 92' lang='lat' dir='ltr'><strong>propter</strong></span> <span class='ocrx_word' id='word_1_673' title='bbox 1380 4871 1487 4927; x_wconf 88' lang='lat' dir='ltr'><strong>illomm</strong></span> <span class='ocrx_word' id='word_1_674' title='bbox 1511 4871 1716 4929; x_wconf 82' lang='lat' dir='ltr'><strong>infestationem</strong></span> <span class='ocrx_word' id='word_1_675' title='bbox 1731 4889 1811 4946; x_wconf 87' lang='lat' dir='ltr'><strong>pere·</strong></span> 
     </span>
     <span class='ocr_line' id='line_1_53' title="bbox 160 4939 1815 5034; baseline 0.004 -22"><span class='ocrx_word' id='word_1_676' title='bbox 160 4939 535 5013; x_wconf 65' lang='lat' dir='ltr'><strong>P⁰⁸¹¹¹aeiillel¹1¹i¹1lSitibi</strong></span> <span class='ocrx_word' id='word_1_677' title='bbox 564 4939 661 4996; x_wconf 58' lang='lat' dir='ltr'><strong>beatus</strong></span> <span class='ocrx_word' id='word_1_678' title='bbox 692 4940 875 4998; x_wconf 71' lang='lat' dir='ltr'><strong>⁰⁰¹¹¹mb⁸¹¹u⁸</strong></span> <span class='ocrx_word' id='word_1_679' title='bbox 896 4959 959 4999; x_wconf 67' lang='lat' dir='ltr'><strong>cum</strong></span> <span class='ocrx_word' id='word_1_680' title='bbox 1009 4960 1150 5034; x_wconf 87' lang='lat' dir='ltr'><strong>grinorum</strong></span> <span class='ocrx_word' id='word_1_681' title='bbox 1165 4976 1226 5016; x_wconf 89' lang='lat' dir='ltr'><strong>esse</strong></span> <span class='ocrx_word' id='word_1_682' title='bbox 1240 4960 1386 5016; x_wconf 87' lang='lat' dir='ltr'><strong>turbatam.</strong></span> <span class='ocrx_word' id='word_1_683' title='bbox 1402 4960 1461 5030; x_wconf 84' lang='lat' dir='ltr'><strong>Quo</strong></span> <span class='ocrx_word' id='word_1_684' title='bbox 1476 4961 1570 5017; x_wconf 91' lang='lat' dir='ltr'><strong>audito</strong></span> <span class='ocrx_word' id='word_1_685' title='bbox 1586 4960 1815 5019; x_wconf 82' lang='lat' dir='ltr'><strong>duxiuroresue-</strong></span> 
     </span>
     <span class='ocr_line' id='line_1_54' title="bbox 159 5028 1812 5115; baseline 0.002 -11"><span class='ocrx_word' id='word_1_686' title='bbox 159 5028 388 5085; x_wconf 65' lang='lat' dir='ltr'><strong>⁰⁰mml1510¹¹ibl¹⁸</strong></span> <span class='ocrx_word' id='word_1_687' title='bbox 416 5030 473 5085; x_wconf 51' lang='grc' dir='ltr'><strong>θυῖε</strong></span> <span class='ocrx_word' id='word_1_688' title='bbox 503 5029 590 5085; x_wconf 62' lang='lat' dir='ltr'><strong>“ibus</strong></span> <span class='ocrx_word' id='word_1_689' title='bbox 620 5029 747 5084; x_wconf 66' lang='lat' dir='ltr'><strong>³⁰⁰i⁵⁸²</strong></span> <span class='ocrx_word' id='word_1_690' title='bbox 771 5040 797 5086; x_wconf 69' lang='lat'><strong>‘³‘</strong></span> <span class='ocrx_word' id='word_1_691' title='bbox 824 5031 959 5088; x_wconf 60' lang='lat' dir='ltr'><strong>aedififfllss</strong></span> <span class='ocrx_word' id='word_1_692' title='bbox 1008 5066 1118 5115; x_wconf 91' lang='lat' dir='ltr'><strong>census,</strong></span> <span class='ocrx_word' id='word_1_693' title='bbox 1134 5049 1225 5104; x_wconf 92' lang='lat' dir='ltr'><strong>missis</strong></span> <span class='ocrx_word' id='word_1_694' title='bbox 1241 5049 1342 5104; x_wconf 89' lang='lat' dir='ltr'><strong>nuntiis</strong></span> <span class='ocrx_word' id='word_1_695' title='bbox 1356 5049 1472 5105; x_wconf 81' lang='lat' dir='ltr'><strong>famulos</strong></span> <span class='ocrx_word' id='word_1_696' title='bbox 1496 5050 1547 5105; x_wconf 88' lang='lat' dir='ltr'><strong>Dei</strong></span> <span class='ocrx_word' id='word_1_697' title='bbox 1571 5050 1692 5107; x_wconf 90' lang='lat' dir='ltr'><strong>deloco</strong></span> <span class='ocrx_word' id='word_1_698' title='bbox 1717 5053 1812 5108; x_wconf 84' lang='lat' dir='ltr'><strong>eodem</strong></span> 
     </span>
     <span class='ocr_line' id='line_1_55' title="bbox 157 5114 1810 5210; baseline 0.005 -39"><span class='ocrx_word' id='word_1_699' title='bbox 157 5114 225 5171; x_wconf 93' lang='lat' dir='ltr'><strong>inibi</strong></span> <span class='ocrx_word' id='word_1_700' title='bbox 239 5117 346 5184; x_wconf 91' lang='lat' dir='ltr'><strong>cellula,</strong></span> <span class='ocrx_word' id='word_1_701' title='bbox 363 5117 408 5172; x_wconf 90' lang='lat' dir='ltr'><strong>alii</strong></span> <span class='ocrx_word' id='word_1_702' title='bbox 423 5119 529 5174; x_wconf 90' lang='lat' dir='ltr'><strong>hortum</strong></span> <span class='ocrx_word' id='word_1_703' title='bbox 551 5117 752 5186; x_wconf 90' lang='lat' dir='ltr'><strong>laboraverunt,</strong></span> <span class='ocrx_word' id='word_1_704' title='bbox 777 5119 822 5174; x_wconf 83' lang='lat' dir='ltr'><strong>atti</strong></span> <span class='ocrx_word' id='word_1_705' title='bbox 845 5121 957 5178; x_wconf 89' lang='lat' dir='ltr'><strong>arbores</strong></span> <span class='ocrx_word' id='word_1_706' title='bbox 1007 5138 1150 5196; x_wconf 60' lang='lat' dir='ltr'>discedere</span> <span class='ocrx_word' id='word_1_707' title='bbox 1161 5138 1251 5208; x_wconf 60' lang='lat' dir='ltr'><strong>jussit,</strong></span> <span class='ocrx_word' id='word_1_708' title='bbox 1269 5138 1323 5194; x_wconf 64' lang='lat' dir='ltr'><strong>Sed</strong></span> <span class='ocrx_word' id='word_1_709' title='bbox 1337 5154 1426 5210; x_wconf 57' lang='lat' dir='ltr'><strong>neque</strong></span> <span class='ocrx_word' id='word_1_710' title='bbox 1448 5138 1500 5195; x_wconf 93' lang='lat' dir='ltr'><strong>hoc</strong></span> <span class='ocrx_word' id='word_1_711' title='bbox 1521 5137 1623 5195; x_wconf 58' lang='lat' dir='ltr'><strong>suffigit</strong></span> <span class='ocrx_word' id='word_1_712' title='bbox 1646 5139 1810 5197; x_wconf 53' lang='lat' dir='ltr'><strong>samnitibus</strong></span> 
     </span>
     <span class='ocr_line' id='line_1_56' title="bbox 157 5204 1809 5300; baseline 0.006 -40"><span class='ocrx_word' id='word_1_713' title='bbox 157 5204 305 5278; x_wconf 86' lang='lat' dir='ltr'><strong>pomiferas</strong></span> <span class='ocrx_word' id='word_1_714' title='bbox 320 5207 495 5263; x_wconf 87' lang='lat' dir='ltr'><strong>excoluerunt</strong></span> <span class='ocrx_word' id='word_1_715' title='bbox 511 5225 518 5263; x_wconf 94' lang='lat'>:</span> <span class='ocrx_word' id='word_1_716' title='bbox 535 5208 629 5263; x_wconf 88' lang='lat' dir='ltr'><strong>beatus</strong></span> <span class='ocrx_word' id='word_1_717' title='bbox 643 5223 710 5263; x_wconf 89' lang='lat' dir='ltr'><strong>vero</strong></span> <span class='ocrx_word' id='word_1_718' title='bbox 730 5207 826 5264; x_wconf 89' lang='lat' dir='ltr'><strong>Gallus</strong></span> <span class='ocrx_word' id='word_1_719' title='bbox 848 5211 957 5267; x_wconf 87' lang='lat' dir='ltr'><strong>texebat</strong></span> <span class='ocrx_word' id='word_1_720' title='bbox 1006 5228 1161 5283; x_wconf 69' lang='lat' dir='ltr'><strong>daemonum</strong></span> <span class='ocrx_word' id='word_1_721' title='bbox 1177 5245 1184 5282; x_wconf 91' lang='lat'>:</span> <span class='ocrx_word' id='word_1_722' title='bbox 1200 5227 1266 5300; x_wconf 64' lang='lat' dir='ltr'>quin</span> <span class='ocrx_word' id='word_1_723' title='bbox 1281 5227 1361 5283; x_wconf 64' lang='lat' dir='ltr'><strong>egam</strong></span> <span class='ocrx_word' id='word_1_724' title='bbox 1371 5243 1484 5284; x_wconf 62' lang='lat' dir='ltr'><strong>vaccam</strong></span> <span class='ocrx_word' id='word_1_725' title='bbox 1499 5243 1596 5283; x_wconf 61' lang='lat' dir='ltr'>eorum</span> <span class='ocrx_word' id='word_1_726' title='bbox 1611 5227 1685 5284; x_wconf 64' lang='lat' dir='ltr'><strong>fugo</strong></span> <span class='ocrx_word' id='word_1_727' title='bbox 1701 5228 1809 5285; x_wconf 56' lang='lat' dir='ltr'><strong>absara.</strong></span> 
     </span>
    </p>
   </div>
   <div class='ocr_carea' id='block_1_9' title="bbox 159 5294 1808 5386">
    <p class='ocr_par' dir='ltr' id='par_1_10' title="bbox 159 5294 1808 5386">
     <span class='ocr_line' id='line_1_57' title="bbox 159 5294 1808 5386; baseline 0.005 -21"><span class='ocrx_word' id='word_1_728' title='bbox 159 5294 235 5365; x_wconf 62' lang='lat' dir='ltr'><strong>lellir</strong></span> <span class='ocrx_word' id='word_1_729' title='bbox 247 5302 283 5362; x_wconf 63' lang='grc' dir='ltr'><strong>ΘΙ,</strong></span> <span class='ocrx_word' id='word_1_730' title='bbox 308 5294 495 5351; x_wconf 66' lang='lat' dir='ltr'><strong>miserifflldifl</strong></span> <span class='ocrx_word' id='word_1_731' title='bbox 517 5296 568 5352; x_wconf 65' lang='lat' dir='ltr'><strong>Del</strong></span> <span class='ocrx_word' id='word_1_732' title='bbox 588 5303 762 5368; x_wconf 64' lang='lat' dir='ltr'><strong>⁰00P0l³11²et</strong></span> <span class='ocrx_word' id='word_1_733' title='bbox 787 5305 889 5354; x_wconf 61' lang='lat' dir='ltr'><strong>liniam</strong></span> <span class='ocrx_word' id='word_1_734' title='bbox 911 5299 955 5370; x_wconf 69' lang='lat' dir='ltr'><strong>Pi·</strong></span> <span class='ocrx_word' id='word_1_735' title='bbox 1005 5318 1111 5385; x_wconf 88' lang='lat' dir='ltr'><strong>hentes,</strong></span> <span class='ocrx_word' id='word_1_736' title='bbox 1127 5316 1155 5370; x_wconf 91' lang='lat' dir='ltr'><strong>in</strong></span> <span class='ocrx_word' id='word_1_737' title='bbox 1170 5315 1241 5371; x_wconf 88' lang='lat' dir='ltr'><strong>invia</strong></span> <span class='ocrx_word' id='word_1_738' title='bbox 1255 5316 1355 5372; x_wconf 90' lang='lat' dir='ltr'><strong>ducunt</strong></span> <span class='ocrx_word' id='word_1_739' title='bbox 1370 5315 1510 5371; x_wconf 87' lang='lat' dir='ltr'><strong>silvarum.</strong></span> <span class='ocrx_word' id='word_1_740' title='bbox 1531 5315 1608 5386; x_wconf 86' lang='lat' dir='ltr'><strong>Quos</strong></span> <span class='ocrx_word' id='word_1_741' title='bbox 1624 5332 1689 5374; x_wconf 91' lang='lat' dir='ltr'><strong>oum</strong></span> <span class='ocrx_word' id='word_1_742' title='bbox 1705 5318 1760 5373; x_wconf 93' lang='lat' dir='ltr'><strong>duo</strong></span> <span class='ocrx_word' id='word_1_743' title='bbox 1775 5318 1808 5373; x_wconf 91' lang='lat' dir='ltr'><strong>de</strong></span> 
     </span>
    </p>
   </div>
   <div class='ocr_carea' id='block_1_10' title="bbox 159 5383 1812 5480">
    <p class='ocr_par' dir='ltr' id='par_1_11' title="bbox 159 5383 1812 5480">
     <span class='ocr_line' id='line_1_58' title="bbox 159 5383 1812 5480; baseline 0.003 -23"><span class='ocrx_word' id='word_1_744' title='bbox 159 5383 246 5442; x_wconf 56' lang='lat' dir='ltr'><strong>mium</strong></span> <span class='ocrx_word' id='word_1_745' title='bbox 261 5384 368 5457; x_wconf 68' lang='lat' dir='ltr'><strong>⁰0Pistm</strong></span> <span class='ocrx_word' id='word_1_746' title='bbox 388 5384 469 5456; x_wconf 56' lang='lat' dir='ltr'><strong>“Pili</strong></span> <span class='ocrx_word' id='word_1_747' title='bbox 494 5393 523 5440; x_wconf 69' lang='lat'><strong>¹¹¹</strong></span> <span class='ocrx_word' id='word_1_748' title='bbox 545 5402 681 5458; x_wconf 67' lang='lat' dir='ltr'>nunquam</span> <span class='ocrx_word' id='word_1_749' title='bbox 704 5386 831 5443; x_wconf 68' lang='lat' dir='ltr'><strong>sfflllibus</strong></span> <span class='ocrx_word' id='word_1_750' title='bbox 849 5387 955 5444; x_wconf 81' lang='lat' dir='ltr'><strong>oetvis-</strong></span> <span class='ocrx_word' id='word_1_751' title='bbox 1005 5406 1136 5461; x_wconf 86' lang='lat' dir='ltr'><strong>tratribus</strong></span> <span class='ocrx_word' id='word_1_752' title='bbox 1151 5421 1166 5461; x_wconf 91' lang='lat' dir='ltr'><strong>e</strong></span> <span class='ocrx_word' id='word_1_753' title='bbox 1182 5405 1299 5479; x_wconf 88' lang='lat' dir='ltr'><strong>vestigio</strong></span> <span class='ocrx_word' id='word_1_754' title='bbox 1321 5405 1513 5478; x_wconf 88' lang='lat' dir='ltr'><strong>insequuntur,</strong></span> <span class='ocrx_word' id='word_1_755' title='bbox 1540 5414 1748 5480; x_wconf 84' lang='lat' dir='ltr'><strong>consurgentes</strong></span> <span class='ocrx_word' id='word_1_756' title='bbox 1771 5407 1812 5462; x_wconf 89' lang='lat' dir='ltr'><strong>la-</strong></span> 
     </span>
    </p>
   </div>
   <div class='ocr_carea' id='block_1_11' title="bbox 152 5531 1815 5678">
    <p class='ocr_par' dir='ltr' id='par_1_12' title="bbox 152 5531 1815 5678">
     <span class='ocr_line' id='line_1_59' title="bbox 186 5531 1815 5608; baseline 0 -13"><span class='ocrx_word' id='word_1_757' title='bbox 186 5545 324 5595; x_wconf 76' lang='lat' dir='ltr'><strong>‘Nimirum</strong></span> <span class='ocrx_word' id='word_1_758' title='bbox 336 5545 513 5603; x_wconf 86' lang='lat' dir='ltr'><strong>tnoompletia:</strong></span> <span class='ocrx_word' id='word_1_759' title='bbox 528 5547 955 5596; x_wconf 81' lang='lat' dir='ltr'><strong>nomannoatscumcotumbanus</strong></span> <span class='ocrx_word' id='word_1_760' title='bbox 1004 5547 1044 5595; x_wconf 81' lang='lat' dir='ltr'><strong>tto</strong></span> <span class='ocrx_word' id='word_1_761' title='bbox 1056 5549 1131 5607; x_wconf 84' lang='lat' dir='ltr'><strong>atquc</strong></span> <span class='ocrx_word' id='word_1_762' title='bbox 1153 5545 1290 5595; x_wconf 67' lang='lat' dir='ltr'><strong>ammonio</strong></span> <span class='ocrx_word' id='word_1_763' title='bbox 1309 5547 1579 5606; x_wconf 76' lang='lat' dir='ltr'><strong>rtatirtmtnoreditur,</strong></span> <span class='ocrx_word' id='word_1_764' title='bbox 1592 5531 1674 5608; x_wconf 78' lang='lat' dir='ltr'><strong>inquit</strong></span> <span class='ocrx_word' id='word_1_765' title='bbox 1694 5551 1772 5598; x_wconf 86' lang='lat' dir='ltr'><strong>tonas</strong></span> <span class='ocrx_word' id='word_1_766' title='bbox 1792 5549 1815 5595; x_wconf 84' lang='lat' dir='ltr'><strong>tn</strong></span> 
     </span>
     <span class='ocr_line' id='line_1_60' title="bbox 152 5617 1264 5678; baseline 0 -12"><span class='ocrx_word' id='word_1_767' title='bbox 152 5617 256 5668; x_wconf 75' lang='lat' dir='ltr'><strong>vidisset</strong></span> <span class='ocrx_word' id='word_1_768' title='bbox 266 5620 390 5670; x_wconf 62' lang='lat' dir='ltr'><strong>&amp;victum</strong></span> <span class='ocrx_word' id='word_1_769' title='bbox 400 5631 416 5668; x_wconf 93' lang='lat' dir='ltr'><strong>o</strong></span> <span class='ocrx_word' id='word_1_770' title='bbox 427 5618 578 5670; x_wconf 80' lang='lat' dir='ltr'><strong>raeoaortco</strong></span> <span class='ocrx_word' id='word_1_771' title='bbox 591 5617 788 5677; x_wconf 70' lang='lat' dir='ltr'><strong>theodobertum,</strong></span> <span class='ocrx_word' id='word_1_772' title='bbox 803 5620 956 5670; x_wconf 79' lang='lat' dir='ltr'><strong>relictoue·</strong></span> <span class='ocrx_word' id='word_1_773' title='bbox 1004 5620 1061 5678; x_wconf 85' lang='lat' dir='ltr'><strong>etus</strong></span> <span class='ocrx_word' id='word_1_774' title='bbox 1075 5619 1139 5674; x_wconf 80' lang='lat' dir='ltr'><strong>tito.</strong></span> <span class='ocrx_word' id='word_1_775' title='bbox 1150 5629 1219 5666; x_wconf 90' lang='lat' dir='ltr'><strong>num.</strong></span> <span class='ocrx_word' id='word_1_776' title='bbox 1230 5623 1264 5666; x_wconf 80' lang='lat' dir='ltr'><strong>so.</strong></span> 
     </span>
    </p>
   </div>
   <div class='ocr_carea' id='block_1_12' title="bbox 0 0 1890 6112">
    <p class='ocr_par' dir='ltr' id='par_1_13' title="bbox 0 0 1890 6112">
     <span class='ocr_line' id='line_1_61' title="bbox 0 0 1890 6112; baseline 0 0"><span class='ocrx_word' id='word_1_777' title='bbox 0 0 1890 6112; x_wconf 95' lang='lat' dir='ltr'><strong> </strong></span> 
     </span>
    </p>
   </div>
  </div>
 </body>
</html>
