3772 6112
72 205 123 260 aut

455 203 644 261 Expostrto
659 205 695 261 ΙΝ
710 203 877 275 Quaruon
890 202 1094 262 EVANGELlh
1113 238 1148 249 -
1162 207 1200 262 lN
1214 206 1341 264 tuctu.

1668 210 1722 265 9⁰2
1735 204 1742 210 ’

71 327 137 383 tiam
149 342 205 382 non
219 326 377 400 requirebat
394 344 400 382 :
417 327 525 384 vocavit
538 329 573 383 ad
587 344 626 396 se,
644 328 672 384 id
686 338 727 385 est
740 345 791 399 per
800 345 869 386 con·
880 326 908 388 Α
921 346 976 386 non
992 347 999 386 ε
1014 331 1172 388 vulneribus
1185 332 1291 403 plenus,
1303 331 1331 387 id
1339 338 1381 387 est
1388 330 1509 402 peccatis
1521 329 1599 387 dives
1609 330 1720 387 ludaeos

71 415 231 485 sessionem,
248 423 275 471 ει
288 415 418 486 imposuit
427 415 466 471 illi
474 433 594 483 manum,
607 417 634 472 id
645 426 686 473 εει
696 419 768 473 bona
778 434 874 473 exem-

70 504 116 576 pla
133 520 140 560 :
157 512 254 562 curata
270 513 320 571 est,
337 521 400 576 spes
424 504 549 560 sanitatis
567 523 573 559 :
599 506 686 576 prima
707 506 823 571 sabbati,
846 506 874 560 id

70 592 156 649 estin
169 590 290 648 futuram
306 593 431 665 requiem
449 610 456 649 :
473 593 554 649 dicite
576 594 650 664 vulpi
660 593 708 660 illi,
723 594 752 649 id
766 603 808 649 est
817 595 874 650 He-

71 683 165 747 rodes,
182 681 245 754 quia
259 681 383 737 diabolus
398 681 497 736 animal
512 691 562 749 est,
582 682 689 737 interne
701 682 813 748 habitat,
831 683 875 739 vi·

69 786 122 826 nea
136 770 309 837 exterminet,
327 771 364 825 ita
377 771 502 827 Herodes
517 770 640 827 diabolus
654 770 817 826 exterminat
832 771 872 828 vi·

72 875 128 916 nea
142 867 172 914 ut
182 859 281 916 dicitur
294 860 374 915 vinea
388 860 422 915 de
436 861 554 932 AEgypto
569 859 740 915 transtulisti.

108 978 194 1032 Homo
210 975 386 1047 hydropicus,
403 974 430 1028 id
445 983 487 1030 est
501 975 648 1030 humanum
664 990 752 1048 genus
769 989 775 1028 :
792 971 876 1027 iorni·

70 1073 157 1133 cator,
174 1064 363 1136 adprehensus
379 1063 493 1131 sanavit,
517 1064 637 1118 ostendit
647 1062 719 1135 quod
742 1072 797 1116 turn
821 1061 872 1115 im·

70 1161 153 1226 petus
167 1152 352 1208 luminationis
367 1160 477 1208 sanatur
494 1168 499 1207 :
517 1153 607 1215 borno,
624 1152 708 1208 idest
731 1152 806 1207 Deus
822 1151 875 1204 Pa-

72 1251 115 1298 ter
131 1260 139 1297 ε
153 1256 233 1297 crena
246 1257 357 1314 magna,
375 1241 404 1295 id
419 1249 459 1296 εει
482 1241 670 1314 Evangelium,
687 1239 793 1296 vocavit
807 1238 876 1293 mul-

72 1339 126 1398 tos,
143 1331 172 1387 id
184 1338 226 1386 εει
240 1331 368 1385 ludaeos:
385 1330 459 1384 misit
474 1346 585 1384 servum
595 1346 685 1398 suurn,
697 1328 724 1383 id
735 1336 777 1383 est
787 1326 877 1382 Chris·

925 420 1059 493 significat
1076 438 1199 492 :pauper
1212 429 1310 492 gentes
1325 441 1332 485 3
1349 436 1432 477 canes
1446 420 1575 476 doctores
1598 419 1646 491 qui
1672 435 1722 491 per

924 508 1044 582 linguam
1055 510 1169 565 vulnera
1184 517 1280 564 sanant
1294 510 1322 563 iu
1337 509 1397 564 sinu
1421 509 1549 574 Abrahae,
1572 507 1600 562 id
1626 513 1668 562 εει
1694 507 1723 561 in

924 599 1018 670 requie
1034 599 1176 670 :sepultus
1192 598 1309 667 inferno,
1325 597 1353 652 id
1368 597 1451 653 estin
1470 597 1558 651 littera
1576 614 1583 650 ε
1610 595 1723 652 elevans

924 687 1019 742 oculos
1035 703 1109 754 suos,
1127 687 1189 760 quia
1203 686 1288 742 ludaei
1304 685 1376 742 oculi
1401 685 1519 751 luerunt,
1543 684 1571 739 id
1594 690 1635 740 est
1657 683 1723 738 boni

925 774 1041 832 vivendo
1057 792 1143 847 usque
1157 775 1192 830 ad
1207 775 1345 830 Christum
1359 790 1366 829 :
1378 773 1455 843 vidit,
1470 773 1609 828 Abraham
1621 771 1661 827 sic
1671 770 1724 827 erit

924 872 986 935 post
998 864 1130 933 judicium
1153 864 1186 920 de
1207 862 1324 928 inferno,
1352 863 1445 917 vident
1469 878 1583 933 regnum
1611 860 1677 916 Dei:
1694 866 1724 915 ut

925 953 1059 1022 majorem
1072 968 1181 1023 poenam
1196 953 1322 1015 babeant,
1339 960 1366 1006 et
1379 951 1482 1019 majore
1498 949 1632 1023 gaudium
1650 965 1656 1004 :
1673 963 1723 1003 ex·

926 1049 1043 1096 tremum
1058 1041 1136 1114 digiti
1151 1041 1193 1095 sui
1207 1042 1233 1095 in
1249 1056 1331 1112 aqua,
1344 1037 1372 1094 id
1387 1047 1428 1094 est
1450 1039 1496 1110 qui
1510 1038 1633 1093 modicas
1647 1036 1723 1092 elee-

925 1145 1054 1202 mosynas
1070 1131 1134 1185 dant
1151 1147 1158 1184 :
1175 1130 1283 1185 crucior
1297 1129 1326 1184 in
1339 1128 1391 1183 hac
1400 1127 1520 1197 llamma,
1529 1126 1605 1181 idest
1618 1125 1646 1180 in
1658 1139 1723 1196 pro·

925 1219 986 1290 pria
998 1235 1081 1290 poeua
1097 1235 1103 1274 :
1121 1234 1185 1274 caus
1200 1234 1338 1288 magnum,
1356 1217 1437 1271 idest
1459 1214 1582 1272 conlusio
1603 1213 1724 1269 omnium

926 1324 1028 1373 rerum,
1045 1307 1103 1362 sive
1118 1313 1196 1362 vetus
1212 1307 1273 1362 lex:
1291 1305 1416 1377 recepisti
1436 1305 1508 1359 bona
1521 1303 1549 1358 in
1563 1303 1616 1358 vita
1626 1309 1680 1368 tua,
1696 1301 1724 1356 id

70 1429 130 1476 mm
144 1419 173 1475 in
187 1435 297 1475 carnem
314 1426 427 1488 :pamm
441 1426 501 1473 gum
516 1419 618 1483 omnia,
635 1417 662 1473 id
677 1424 719 1473 est
743 1416 817 1488 quod
842 1415 876 1471 de
926 1405 968 1452 εει
983 1397 1083 1450 bonurn
1098 1395 1197 1460 fecisti,
1212 1395 1338 1465 recepisti
1356 1412 1362 1448 :
1388 1395 1506 1450 Lazarus
1529 1392 1608 1456 mala,
1627 1392 1655 1445 id
1682 1396 1724 1445 est

72 1508 182 1565 Christo
196 1509 357 1578 prophetata
371 1515 433 1561 sunt
449 1523 456 1560 :
471 1506 563 1561 villam
578 1505 640 1572 emi,
657 1506 683 1560 id
699 1514 741 1560 est
750 1520 800 1576 pro
811 1520 878 1560 avae
926 1485 990 1558 (ιῑῑῑῑι
1003 1485 1105 1541 ifldi⁰¹⁸
1119 1484 1154 1540 de
1169 1484 1249 1538 malis
1265 1484 1321 1538 ⁵¹¹ss
1337 1484 1364 1538 1¹¹
1379 1483 1435 1537 Vlla
1450 1480 1632 1552 ⁵¹¹⁸1‘0001’il2
1650 1478 1725 1551 llum·

72 1596 137 1652 riga
150 1596 185 1652 ad
199 1595 337 1651 christum
352 1611 405 1650 non
421 1595 484 1649 veni
499 1613 506 1650 :
520 1596 587 1667 juga
602 1596 695 1658 boum,
712 1594 739 1649 id
763 1601 805 1648 est
832 1609 877 1649 su.
927 1591 979 1646 que
994 1574 1103 1640 fratrea,
1119 1574 1147 1628 id
1162 1581 1203 1628 est
1218 1573 1337 1644 quinque
1353 1572 1415 1626 libri
1429 1570 1517 1641 lloysi
1526 1568 1722 1625 observabant:

71 1685 168 1757 perbis
184 1702 191 1739 τ
208 1684 288 1740 aliter
299 1685 367 1757 juga
382 1685 463 1739 boum
477 1684 597 1755 quinque
615 1699 722 1752 sensus,
739 1682 782 1738 vel
798 1681 873 1752 quin·
887 1685 914 1745 Β
927 1661 1036 1736 signum
1051 1679 1083 1719 ex
1102 1661 1217 1717 mortuis
1240 1659 1429 1727 resurrexerit,
1454 1659 1482 1714 id
1503 1658 1605 1714 sactum
1627 1663 1669 1712 est
1696 1654 1723 1709 in

73 1790 128 1847 que
142 1773 203 1828 libri
218 1772 305 1844 Moysi
320 1790 327 1827 :
344 1773 487 1828 mulierem
507 1772 581 1839 duxi,
598 1772 625 1827 id
647 1780 688 1826 est
714 1770 871 1826 luxuriam:

72 1878 207 1934 pauperes
222 1868 250 1917 et
265 1861 380 1928 debiles,
397 1862 425 1916 id
441 1868 503 1915 sunt
519 1860 564 1932 qui
578 1868 746 1933 cognoscunt
760 1865 873 1930 peccata

74 1967 127 2007 sua
142 1967 148 2006 τ
165 1950 203 2005 ἰιε
218 1951 246 2004 in
255 1950 321 2016 vias,
336 1950 363 2004 id
377 1958 419 2004 est
427 1949 460 2004 ad
468 1957 565 2020 gentes
577 1966 584 2003 :
595 1948 748 2018 compellite
759 1948 871 2013 intrare,

72 2040 101 2095 id
115 2046 158 2094 est
171 2054 222 2109 per
243 2037 468 2094 consessionem:
490 2046 592 2092 turrem
612 2035 758 2102 aedificare,
785 2035 814 2090 id
833 2043 875 2091 εει

73 2127 209 2183 Christum
224 2126 311 2197 sequi,
321 2135 456 2196 sumptus,
468 2126 494 2180 id
505 2125 746 2181 estabrenuntiare
754 2123 872 2178 mundo:

73 2215 137 2287 quis
151 2231 209 2282 rex,
226 2214 253 2269 id
276 2222 316 2270 est
339 2214 494 2286 Apostolos,
516 2213 686 2269 committere
710 2212 821 2278 bellurn,
847 2211 874 2266 id

73 2311 115 2359 εει
130 2302 379 2373 compensationem
393 2318 506 2373 operum
519 2301 759 2357 :adversus‘alium
769 2316 873 2373 regern,

72 2391 101 2447 id
117 2399 159 2448 εει
172 2392 302 2447 adversus
317 2391 452 2446 Christum
465 2405 527 2447 curn
547 2391 642 2446 decern
666 2388 760 2456 millia,
784 2388 811 2442 id
834 2397 876 2444 est

72 2495 136 2537 curn
151 2480 281 2554 operibus
295 2495 355 2550 quae
369 2480 451 2535 sentit
467 2481 549 2534 homo
566 2497 572 2532 :
591 2495 653 2534 cum
665 2477 763 2551 viginti
779 2477 872 2543 millia,

73 2569 101 2624 id
115 2576 157 2624 est
170 2584 234 2625 curn
249 2583 342 2639 opera,
359 2584 420 2639 quae
435 2576 498 2623 sunt
513 2568 540 2623 in
558 2567 673 2632 occulto,
700 2574 727 2621 ει
749 2567 777 2621 in
802 2566 873 2636 pala,

60 2657 240 2730 legationem
254 2657 343 2722 mittit,
367 2657 394 2711 id
416 2666 457 2712 εει
479 2657 646 2722 miserendo,
672 2656 875 2726 eleemosynam

73 2746 175 2812 dando,
187 2754 268 2819 rogat
284 2762 344 2817 quae
359 2746 394 2801 ad
407 2761 503 2816 pacem
518 2754 589 2811 sunt,
606 2753 635 2800 ut
648 2752 698 2812 est,
717 2761 771 2800 non
792 2744 875 2798 intres

74 2833 219 2904 injudicio
234 2849 297 2890 curn
310 2850 390 2889 servo
408 2844 460 2900 tuo,
480 2834 617 2889 Domine:
634 2834 758 2900 interra,
784 2831 812 2886 id
835 2838 876 2886 est

926 1751 1034 1806 Christo
1049 1759 1210 1823 resurgente
1227 1749 1290 1805 :alii
1306 1766 1339 1804 ex
1360 1748 1462 1804 tudaeis
1486 1746 1682 1803 crediderunt:
1700 1742 1723 1798 si

925 1840 993 1912 lapis
1008 1840 1130 1906 molaris,
1147 1838 1229 1894 idest
1245 1838 1268 1893 si
1283 1837 1433 1911 gentiles...
1451 1844 1480 1891 ut
1504 1851 1592 1906 equus
1616 1832 1723 1888 molens

925 1945 980 1984 non
990 1929 1056 1983 vidit
1071 1928 1115 1984 eui
1129 1928 1220 1993 servit,
1238 1926 1295 1981 sive
1311 1925 1488 1995 Philosophus
1504 1923 1585 1977 docet
1599 1921 1724 1977 Philoso-

925 2018 1017 2090 phiam
1035 2035 1042 2071 ε
1059 2033 1120 2089 quae
1136 2016 1244 2070 illinon
1260 2014 1382 2085 prodest,
1400 2012 1559 2067 sedsanctae
1568 2008 1700 2065 Ecclesiae
1716 2025 1723 2062 z

925 2121 996 2179 auge
1011 2106 1091 2162 nobis
1106 2104 1197 2171 tidem,
1213 2104 1242 2159 id
1256 2110 1297 2158 εει
1310 2103 1375 2158 dum
1389 2117 1475 2174 auges
1484 2099 1651 2155 mandatum.

961 2232 1031 2287 hluic
1044 2231 1232 2297 arborimcro,
1249 2228 1276 2283 id
1292 2236 1333 2282 εει
1347 2225 1509 2298 Evangelio,
1527 2222 1573 2294 qui
1596 2220 1725 2277 rubicun-

926 2320 988 2374 dam
999 2318 1099 2375 Christi
1114 2333 1222 2373 crucem
1238 2316 1341 2370 nuntiat
1357 2333 1365 2369 ι
1381 2314 1451 2369 εἰεει
1463 2326 1541 2368 moro
1556 2309 1724 2366 rubicundus

926 2416 967 2465 est
984 2426 990 2463 :
1007 2406 1159 2472 eradicare,
1175 2406 1202 2460 id
1217 2413 1258 2460 est
1280 2404 1382 2475 populo
1396 2401 1509 2457 Judaico
1525 2407 1553 2455 et
1566 2399 1723 2470 transplan-

925 2505 985 2552 tare
1000 2496 1027 2550 in
1042 2495 1143 2566 populo
1163 2493 1269 2567 gentili,
1292 2492 1379 2547 idest
1403 2491 1487 2545 arbor
1505 2504 1590 2557 moro,
1621 2487 1724 2543 fructus

926 2587 984 2655 ejus
995 2584 1098 2655 primus
1114 2583 1201 2650 albus,
1218 2588 1311 2652 postca
1326 2579 1503 2641 rubicundus
1516 2577 1614 2633 deinde
1625 2576 1721 2647 niger:

926 2674 963 2729 ita
978 2673 1113 2740 diabolus,
1130 2672 1196 2726 dum
1210 2669 1326 2741 angelus
1344 2669 1422 2722 albus
1437 2667 1495 2729 luit,
1512 2667 1591 2738 niger
1603 2665 1631 2719 in
1645 2664 1737 2721 occi-'

927 2764 1003 2819 sione
1019 2763 1093 2828 hdae,
1107 2763 1207 2817 rubeus
1222 2759 1249 2814 in
1265 2757 1410 2814 homicidio
1432 2756 1498 2811 Cain
1512 2764 1539 2809 ει
1553 2753 1621 2808 Abel
1637 2770 1643 2807 :
1669 2753 1723 2808 duo

926 2853 1070 2921 molentes,
1087 2850 1204 2906 ostendit
1220 2849 1287 2902 duas
1308 2845 1469 2902 Ecclesias:
1492 2843 1537 2899 vel
1561 2843 1616 2897 duo
1636 2849 1723 2897 testa-

72 2923 101 2978 in
115 2923 224 2978 divitias
240 2941 247 2976 ι
264 2922 291 2976 in
305 2923 516 2993 sterquilinium,
534 2923 618 2977 idest
635 2923 661 2976 in
675 2929 874 2992 paupertatem,
926 2950 1017 2997 mem,
1030 2942 1114 3010 judex
1130 2948 1156 2995 et
1170 2939 1251 2994 „idua
1264 2937 1298 2991 de
1320 2932 1487 3005 semiplenis·
1511 2939 1537 2986 et
1565 2930 1724 3002 patientiam

74 3012 175 3066 mutter
190 3011 325 3083 llaedlmv
342 3011 368 3064 id
385 3021 424 3065 ⁰³¹
440 3011 555 3080 ‘lilll‘b
572 3011 682 3067 ¹1¹⁰⁰s¹¹³
697 3027 824 3078 ³⁰⁰⁰¹¹⁵e
849 3008 876 3064 rt
892 3031 1038 3103 chabaan
1054 3031 1080 3083 n
1095 3029 1149 3083 nns
1164 3028 1212 3082 sea
1228 3041 1282 3081 non
1299 3040 1408 3094 semper
1434 3021 1578 3077 tacebunt:
1601 3020 1656 3074 auo
1677 3034 1724 3073 as-

73 3100 308 3173 estEvangfflum
326 3117 332 3154 ²
349 3100 464 3170 dragma
487 3100 597 3155 imma
621 3099 649 3154 in
672 3100 763 3165 d⁰m⁰⁹
783 3100 810 3153 id
834 3107 875 3153 ⁴³⁸⁸
926 3121 1074 3177 tenderunt
1090 3134 1159 3172 unus
1183 3113 1376 3185 magnificabat
1400 3111 1571 3165 sanctitatem
1593 3123 1670 3162 suam
1699 3114 1726 3162 et

71 3197 201 3261 p⁰⁰⁰⁸¹⁰f
216 3190 244 3244 in
268 3188 393 3245 E⁰⁰¹⁰⁵i³
410 3204 578 3244 ⁰⁰¹¹Ves⁸¹¹⁵²
601 3189 683 3243 h⁰m⁰
705 3189 825 3260 ‘infidam’
848 3187 876 3242 id
925 3210 1081 3281 perdiderat
1094 3223 1174 3273 eam;
1191 3206 1260 3259 alter
1274 3199 1465 3275 magnificabat
1488 3205 1600 3268 peccata
1626 3211 1676 3250 sua
1699 3202 1725 3251 et

72 3286 116 3334 ⁰⁸²
130 3280 203 3333 ⁰⁸⁰⁸
217 3279 305 3334 Pam·
925 3299 1066 3370 perierunt
1082 3315 1089 3351 :
1103 3294 1245 3366 iejunobis
1255 3293 1283 3346 in
1294 3290 1436 3355 sabbatho,
1449 3288 1476 3341 id
1492 3295 1533 3342 εει
1546 3286 1649 3357 absque
1664 3284 1725 3340 cibo

925 3396 953 3442 ει
965 3387 1079 3442 muliere
1096 3404 1103 3439 τ
1120 3383 1185 3456 qnid
1201 3382 1298 3437 faciam
1313 3387 1342 3434 ut
1356 3379 1440 3434 vitam
1454 3385 1586 3432 aeternam
1598 3374 1729 3437 habeam,

924 3476 953 3530 id
969 3484 1010 3531 εει
1025 3484 1149 3547 utsupra
1168 3472 1282 3540 dictum,
1308 3468 1401 3525 talium
1417 3473 1459 3521 est
1475 3481 1592 3538 regnum
1608 3463 1657 3519 Dei
1675 3480 1681 3517 :
1698 3468 1725 3517 et

925 3565 963 3619 ita
978 3564 1154 3619 Nichodimus
1164 3556 1435 3630 similitercogitabat
1452 3573 1459 3607 ε
1474 3552 1613 3624 quomodo
1636 3558 1725 3623 potest

108 3420 278 3490 Duosfilios,
293 3418 401 3475 ludaeos
416 3426 442 3474 et
457 3426 564 3490 gentes,
589 3418 651 3490 quia
674 3418 776 3474 Judaeis
798 3419 875 3490 prius

72 3509 136 3565 data
152 3517 193 3564 εει
207 3510 249 3565 lex
267 3509 320 3564 :da
336 3508 400 3562 milti
415 3508 578 3578 portionem,
595 3507 623 3562 itl
642 3515 683 3562 εει
704 3507 787 3562 vitam
810 3523 876 3578 prae

73 3606 182 3652 sentem
196 3597 287 3652 diuisit
302 3597 461 3661 substantia,
477 3597 505 3650 id
521 3604 562 3650 εει
577 3594 651 3650 dedit
663 3595 814 3650 libertatem
830 3612 875 3649 ar-

654 3691 713 3739 ctus
723 3690 764 3739 est
790 3683 818 3738 jd
835 3691 876 3738 est
924 3654 1006 3709 homo
1021 3653 1120 3708 iterum
1134 3650 1240 3705 renasci
1257 3667 1263 3702 :
1280 3664 1336 3703 non
1346 3645 1454 3700 occides
1465 3651 1491 3697 et
1502 3642 1607 3712 reliqua
1620 3657 1626 3693 :
1637 3655 1724 3711 quare

768 3729 775 3751 ⁹
920 3744 980 3799 haec
994 3742 1071 3809 dixit,
1089 3741 1153 3812 quia
1166 3741 1193 3793 in
1209 3740 1268 3810 ipso
1292 3734 1415 3792 corruit:
1435 3747 1498 3789 cum
1514 3729 1722 3800 adpropinqua-

921 3839 961 3888 ret
979 3830 1111 3896 hiericho,
1127 3829 1154 3883 id
1165 3836 1206 3882 εει
1221 3842 1283 3883 cum
1299 3825 1372 3881 venit
1387 3823 1422 3877 ad
1435 3819 1662 3877 incarnationem.

73 3685 158 3748 binii,
174 3693 288 3756 utroque
303 3685 403 3755 populo
420 3703 427 3738 ε
443 3700 561 3756 peregre
575 3682 652 3754 prole

73 3788 91 3829 a
110 3774 169 3829 Deo
184 3792 191 3828 ε
208 3773 324 3829 vivendo
338 3772 484 3838 luxuriose,
501 3773 527 3826 id
549 3781 589 3827 εει
603 3772 683 3827 idolis
707 3772 849 3827 adorando
867 3790 873 3827 :

74 3860 148 3917 lame
162 3861 259 3930 valida,
276 3862 303 3915 id
319 3870 359 3917 est
375 3862 409 3916 tle
424 3860 509 3917 verbo
520 3861 570 3916 Dei
588 3879 594 3914 :
611 3861 657 3915 nni
667 3860 777 3928 civium,
795 3860 823 3914 id
833 3868 875 3916 εει

74 3950 241 4021 Philosopbo
258 3967 265 4004 :
283 3950 310 4004 in
330 3949 393 4005 villa
408 3965 468 4017 sua,
484 3949 563 4005 idest
579 3950 607 4005 in
619 3950 721 4005 mundo
739 3964 874 4021 :pascere
964 3949 1008 4004 Vh·
1018 3946 1132 4004 nominc
1143 3946 1287 4010 Zachaeus,
1297 3942 1324 3997 id
1339 3949 1380 3997 est
1394 3939 1503 3994 Judaeus
1513 3935 1561 3990 luit
1575 3940 1601 3989 et
1614 3931 1724 3988 ludaeos

73 4053 186 4111 porcos,
198 4038 226 4092 id
241 4045 282 4093 est
291 4046 320 4092 ut
333 4054 409 4094 more
419 4054 566 4109 porcorum
580 4039 668 4093 vixit:
695 4045 721 4092 et
744 4038 778 4093 de
807 4038 874 4093 seli·
921 4034 1067 4110 significat,
1085 4029 1465 4104 interpretaturjustificatus,
1493 4025 1564 4081 sicut
1583 4022 1670 4079 Judaei
1695 4037 1725 4077 se

74 4127 147 4200 quis,
164 4127 192 4181 id
207 4135 248 4183 εει
268 4127 380 4197 implere
405 4135 537 4192 ventrem,
550 4135 639 4182 elnon
654 4127 873 4198 impinguescere
916 4125 1065 4195 justilicant
1081 4142 1088 4178 τ
1103 4131 1215 4194 propter
1230 4120 1348 4189 turbam,
1364 4120 1390 4173 id
1410 4125 1450 4174 est
1465 4115 1620 4170 divitiarum
1644 4120 1670 4169 ει
1684 4110 1727 4167 vi-

73 4215 162 4288 porci,
180 4215 207 4270 id
222 4224 263 4270 εει
277 4214 359 4269 stulti.
376 4215 538 4270 llercenarii
553 4215 641 4285 patris
656 4216 719 4282 mei,
738 4216 764 4269 id
779 4216 875 4287 estqui
920 4215 1021 4271 tiorum
1036 4230 1043 4268 t
1061 4213 1089 4267 in
1106 4212 1204 4266 arbore
1220 4209 1248 4265 id
1263 4218 1304 4265 εει
1318 4208 1429 4265 crucis:
1449 4205 1562 4260 dimidio
1578 4204 1722 4267 bonorum,

74 4304 186 4360 viliores
202 4313 264 4359 sunt
279 4303 351 4359 servi
366 4304 415 4359 Dei
432 4320 438 4358 :
456 4303 571 4374 panibus
580 4303 784 4370 saturabuntur,
794 4303 822 4358 id
833 4312 874 4358 est
923 4304 950 4359 id
965 4311 1006 4359 est
1021 4301 1181 4358 substantiae
1196 4317 1272 4368 meae,
1290 4299 1325 4353 do
1341 4296 1518 4368 pauperibus,
1529 4294 1610 4349 idest
1625 4290 1723 4364 frange

73 4392 202 4449 doctrina
218 4410 225 4447 :
241 4393 353 4464 peccavi
367 4393 395 4447 in
410 4392 488 4461 coelo,
505 4392 557 4463 ipsi
571 4392 664 4447 dicunt
679 4393 739 4456 hoc,
754 4392 800 4462 qui
810 4392 913 4459 dia-D
929 4392 1057 4449 esurienti
1072 4407 1172 4461 panem
1186 4399 1261 4444 tuum
1279 4406 1284 4441 :
1302 4387 1367 4442 etsi
1383 4385 1447 4458 quid
1458 4382 1582 4439 fraudavi
1611 4380 1726 4436 reddam

73 4479 169 4537 bulum
183 4489 289 4552 patrem
305 4481 415 4547 habent,
433 4481 477 4552 qni
501 4481 623 4552 peccavit
638 4481 664 4534 in
679 4481 750 4536 coelo
767 4498 774 4534 :
790 4480 876 4535 misc·
928 4480 1119 4554 quadruplum,
1135 4481 1188 4535 boe
1205 4479 1232 4534 in
1246 4478 1307 4548 lege
1323 4476 1357 4531 de
1372 4473 1515 4529 animabus
1530 4471 1631 4527 dictum
1648 4478 1675 4525 ει
1697 4469 1725 4523 in

73 4569 196 4626 ricordia
210 4578 308 4637 motus,
326 4570 353 4624 id
364 4578 405 4625 εει
419 4569 528 4625 venitin
540 4585 623 4625 carne
640 4569 694 4623 :ad
705 4584 800 4624 servos
812 4584 876 4623 suos
927 4569 1078 4643 Evangelio
1093 4569 1127 4624 de
1143 4568 1217 4623 omni
1232 4574 1358 4622 creatura
1377 4564 1478 4618 dicitur
1495 4579 1501 4615 :
1518 4562 1601 4616 horno
1616 4558 1723 4624 nobiliS,

74 4657 103 4714 id
119 4667 160 4714 est
174 4659 209 4714 ad
223 4657 361 4729 apostolos
378 4677 384 4713 :
401 4658 469 4713 stola
481 4658 601 4728 Aprima,
613 4656 773 4728 fidesquam
790 4658 877 4712 Adam
927 4660 954 4715 id
969 4667 1011 4715 εει
1026 4658 1147 4714 Christus
1162 4657 1226 4711 abiit
1242 4654 1419 4727 inregionem
1429 4650 1617 4724 longinquam,
1629 4647 1658 4703 id
1672 4654 1724 4714 est,

73 4747 193 4819 perdidit
209 4763 215 4802 :
231 4747 370 4815 annulum,
385 4747 414 4803 id
430 4756 550 4803 estemx
564 4747 592 4801 in
612 4746 728 4802 frontem
745 4765 751 4800 :
775 4745 876 4803 calcia·
927 4748 955 4804 in
967 4749 1065 4804 coelum
1084 4747 1229 4817 :accipere
1239 4759 1355 4817 regnum
1369 4741 1430 4807 sibi,
1445 4741 1473 4796 id
1483 4747 1524 4796 est
1538 4754 1654 4811 regnum
1669 4752 1725 4793 coe·
1798 4782 1800 4788 .

74 4843 177 4902 menta,
192 4835 275 4892 idest
298 4836 500 4908 Evangelium:
523 4836 636 4891 vitulum
656 4836 824 4909 saginatum,
849 4835 877 4890 id
927 4837 995 4894 leste
1011 4846 1037 4894 et
1065 4835 1166 4892 reverti
1194 4835 1228 4888 ad
1245 4831 1378 4902 judicium
1396 4848 1402 4886 :
1419 4831 1514 4886 decern
1529 4827 1612 4894 servi,
1635 4826 1663 4881 id
1686 4830 1728 4882 est

75 4931 119 4980 εει
134 4924 257 4980 Christus
272 4941 305 4981 ex
319 4924 417 4980 dicbus
432 4924 539 4998 legibus
553 4932 677 4980 mortuus
692 4932 751 4980 erat
769 4942 776 4979 ε
793 4925 821 4979 id
836 4932 877 4980 est
927 4942 1008 4983 omne
1023 4942 1110 5000 genus
1123 4925 1271 4980 humanum
1288 4939 1294 4977 :
1312 4922 1408 4977 decern
1427 4933 1501 4986 mna,
1527 4918 1624 4974 decem
1641 4913 1727 4972 verba

75 5011 183 5068 Adam:
200 5013 306 5081 revixit,
323 5013 351 5069 id
367 5021 465 5085 estper
477 5014 642 5085 baptismum
656 5014 784 5085 perierat,
799 5012 878 5069 idest
927 5016 998 5090 legis
1014 5034 1020 5069 :
1038 5016 1111 5072 cives
1126 5015 1193 5083 ejus,
1210 5013 1237 5067 id
1254 5019 1295 5067 est
1308 5009 1405 5066 Judaei.

74 5099 104 5156 in
119 5101 302 5174 disperatione
320 5120 326 5158 :
342 5103 470 5159 inventus
494 5111 545 5171 est,
568 5103 596 5157 id
618 5110 659 5159 est
677 5102 705 5157 in
720 5119 768 5174 spe
785 5120 791 5157 :
807 5101 877 5156 lilius

74 5191 177 5257 senior,
194 5191 221 5246 id
233 5199 275 5248 εει
287 5192 373 5248 ludaei
390 5210 396 5246 ε
412 5192 440 5247 in
455 5208 532 5265 agro,
558 5192 642 5247 idest
665 5192 805 5247 immundo
830 5191 879 5246 de-

15 5290 19 5298 ’
76 5279 177 5336 siderio
194 5299 202 5342 ;
217 5280 387 5352 simphonias
401 5289 428 5337 et
443 5283 550 5349 choros,
569 5281 597 5336 id
621 5288 663 5337 est
685 5280 829 5353 prophetia
851 5287 878 5335 et

76 5368 229 5442 Evangelio
245 5387 252 5424 :
269 5368 323 5425 duo
338 5369 420 5436 serti,
436 5369 464 5425 id
478 5378 519 5425 εει
533 5370 628 5425 Ιεείεε.

964 5143 1100 5198 Miserunt
1115 5140 1296 5212 legationem,
1314 5136 1341 5191 id
1357 5143 1398 5191 est
1408 5131 1575 5190 occisionem
1582 5128 1726 5202 Apostolo-

928 5247 988 5286 rum
1004 5247 1011 5286 :
1027 5229 1131 5301 primus
1146 5243 1243 5284 servus
1256 5235 1283 5282 et
1290 5225 1427 5281 secundus
1438 5222 1505 5279 ordo
1515 5219 1725 5294 Apostolorum:

927 5322 991 5376 hlua
1005 5318 1218 5389 uniuscujusque
1234 5315 1316 5381 servi,
1333 5314 1417 5370 idest
1439 5312 1597 5383 scriptura:
1621 5305 1727 5365 suniles

929 5409 981 5475 sui,
991 5405 1243 5478 utrumqueinrenit
1255 5422 1262 5459 :
1275 5403 1356 5476 Lapis
1365 5402 1512 5467 clamabat,
1521 5401 1549 5455 id
1559 5405 1621 5453 sunt
1631 5400 1727 5466 gentes

111 5501 238 5558 Lazarus
248 5501 395 5558 mendicus
411 5518 418 5556 :
434 5502 540 5557 Nomen
562 5501 691 5573 pauperis
705 5499 778 5566 dicit,
796 5506 822 5556 ει
837 5499 878 5556 di·
928 5497 1167 5554 Judaeitacucrunt
1184 5514 1190 5550 :
1207 5494 1281 5552 llevit
1292 5508 1454 5566 supeream,
1468 5488 1585 5546 ostendit
1596 5503 1646 5542 nos
1656 5488 1725 5542 llere

75 5587 140 5647 titis
164 5604 220 5647 non
236 5608 244 5659 ;
259 5590 384 5647 homines
399 5589 486 5647 bonos
502 5591 620 5663 scriptos
633 5590 663 5647 in
677 5589 783 5647 coeloet
792 5589 878 5645 malos
928 5595 1042 5659 peccata
1056 5593 1151 5641 nostra
1166 5601 1174 5639 ε
1190 5583 1397 5642 circumdabunt
1406 5588 1443 5648 te,
1458 5579 1485 5634 id
1494 5584 1535 5634 εει
1548 5577 1663 5632 llomani
1677 5576 1727 5633 cir-
