3772 6112
120 276 192 337 iffi
816 273 981 334 tonitura
996 272 1045 331 DE
1059 273 1230 334 nttnnsts.
1707 272 1778 331 etto

87 383 91 393 ¹
157 405 235 460 letto
249 398 359 458 humilis
372 399 453 458 mittit
468 400 550 459 rerba
563 399 656 458 salutis
671 415 767 461 orans.

122 497 223 551 Arcton
236 493 265 548 in
280 490 414 564 ambiguis
428 490 506 548 vario
520 492 707 549 moderamine
722 492 816 563 rebus,

157 583 255 639 Utrum
269 596 356 653 pauca
369 580 477 653 loquer,
492 598 527 637 en
540 583 631 654 potius
645 583 749 639 sileam.

122 670 249 727 Scribere
263 669 338 742 cogit
351 669 425 726 enim
437 669 548 728 dilectio
562 679 656 728 mutua
670 680 781 742 memet,

158 759 215 817 Sed
228 774 328 816 vereor
342 774 377 814 ne
391 775 456 815 nom
470 759 533 815 dem
547 760 596 815 tibi
610 760 702 833 digne,
718 768 805 833 pater.

121 847 226 905 Tullius
238 844 345 906 inferno
361 847 485 920 quantum
499 848 673 920 repedaverit
688 849 753 917 imo,

158 938 275 995 Exserat
287 944 335 993 aut
348 951 466 1008 magnus
480 952 532 993 ore
544 937 632 994 faceta
648 937 744 1006 Pleto;

122 1025 215 1083 Livius
228 1033 274 1081 aut
287 1024 363 1080 Titus
378 1039 472 1082 secum
488 1024 557 1082 ferat
569 1027 629 1098 ipse
642 1025 783 1096 Catonem,

158 1114 208 1171 Vel
222 1114 346 1186 linguam
359 1121 473 1170 teretem
489 1115 580 1187 Sepho
596 1115 695 1188 loquax
710 1116 832 1173 terebret
847 1134 855 1173 :

120 1203 185 1259 Non
198 1210 311 1274 possent
324 1218 444 1274 unquam
458 1202 569 1258 laudum
584 1204 705 1259 miranda
719 1212 837 1263 tuarum.

158 1289 247 1364 Digne
262 1289 389 1362 proferri,
406 1300 469 1347 sunt
483 1291 546 1363 quia
558 1292 641 1348 multe
656 1293 730 1348 satis.

121 1379 255 1435 Miramur
269 1379 365 1434 merito
380 1379 508 1450 sapientis
522 1396 635 1436 munere
649 1381 757 1449 mentis,

158 1465 326 1535 Doctrinarn,
343 1481 446 1535 mores,
463 1469 594 1537 carmine,
610 1469 684 1526 dicta
703 1467 832 1528 animum.

120 1557 181 1612 Neo
194 1556 284 1611 minus
296 1556 416 1612 exterius
430 1557 564 1613 miramur
577 1566 675 1614 ennete
688 1566 799 1616 stature

156 1645 327 1700 Incrementa
341 1651 403 1715 tuae,
419 1644 552 1712 membre,
568 1660 677 1715 menes,
695 1645 809 1704 taciem.

120 1734 182 1789 Nos
193 1747 295 1804 parvos
308 1732 435 1798 humiles,
451 1748 557 1789 murem
573 1733 625 1789 sibi
640 1734 729 1790 forme
743 1735 861 1810 subegit,

156 1821 268 1894 Nosque
283 1820 423 1894 gigantem
438 1835 500 1878 esse
509 1821 595 1893 gloria
608 1822 690 1879 molis
704 1823 796 1881 habet.

121 1909 171 1966 llis
185 1910 234 1965 sed
250 1909 377 1981 repositis
390 1917 444 1965 tota
460 1910 557 1966 virtute
571 1925 718 1982 precemur

157 1998 199 2055 Ne
212 1997 317 2054 laceres
330 2012 441 2065 versus,
456 1998 559 2070 praesul
573 2007 673 2070 emate,
690 2000 781 2058 datos.

122 2086 177 2143 Sed
190 2084 281 2159 potius
295 2085 402 2158 scriptis
416 2086 568 2143 recinentia
582 2088 682 2159 scripta
695 2089 841 2158 ministres,

157 2174 242 2243 Queis
257 2190 308 2229 noe
319 2181 460 2246 correptos
473 2175 622 2232 admoneas
636 2177 766 2248 petimus.

121 2263 193 2334 Quin
208 2263 289 2319 etiam
304 2262 430 2319 dabimus
444 2279 592 2334 puerorum
605 2280 695 2337 pauca
708 2266 825 2339 legenda

157 2351 225 2408 ltine
238 2351 301 2420 joca
315 2359 479 2419 nostrorum,
493 2360 522 2407 ut
537 2352 633 2409 uitiosa
648 2368 736 2412 seces.

120 2441 222 2496 Verum
237 2440 272 2495 de
286 2440 393 2512 reliquo
407 2441 430 2495 si
445 2439 510 2512 quid
525 2443 659 2498 mandare
672 2443 772 2508 velitis,

156 2530 245 2585 blente
260 2543 355 2584 sumus
368 2529 447 2600 perti,
464 2529 503 2585 sic
519 2537 564 2585 tua
576 2531 654 2600 jussa
669 2533 755 2604 sequi.

121 2615 283 2686 Quaesumus
296 2616 406 2687 obnixe,
422 2632 473 2673 nos
486 2633 522 2674 ne
535 2618 666 2674 fraudetis
679 2621 774 2676 amatis

155 2705 260 2762 Vestrae
274 2705 406 2762 doctrinae
419 2706 556 2763 mellifluis
569 2708 698 2764 modulis.

120 2795 166 2850 Sto
180 2793 307 2866 equidem
321 2794 410 2864 vobis,
426 2795 517 2851 verbis
532 2797 694 2852 audebimus
706 2798 758 2869 ipsi

156 2882 232 2938 Dona
247 2881 342 2937 salutis
356 2882 419 2938 item
434 2884 539 2939 mittere
554 2885 722 2956 suppliciter.

155 2971 190 3026 Et
204 2968 284 3026 faciet
298 2970 390 3026 letum
404 2987 489 3044 regna
502 2973 558 3043 poli
572 2988 679 3045 capere.

119 3057 199 3115 Nunc
213 3058 314 3127 valeas,
330 3059 424 3130 vigeas
439 3060 600 3131 meritisper
614 3063 715 3118 saecula
728 3064 846 3135 pollens,

930 405 958 466 A
972 402 1044 458 Vasa
1058 414 1108 475 per
1117 399 1246 459 adversos
1261 414 1406 459 successus
1420 414 1523 476 perque
1537 404 1672 464 secundos
1696 432 1699 437 ·

975 492 1054 548 Lucis
1068 507 1160 547 amare
1173 491 1255 560 riam,
1272 506 1326 565 quo
1340 489 1441 549 facturn
1455 500 1550 549 sancte
1564 492 1669 550 fatebor

973 580 1169 653 Provisumque
1184 589 1272 653 pater,
1287 579 1383 653 primis
1399 589 1428 637 ut
1441 596 1520 639 casus
1534 581 1568 637 ab
1582 580 1661 638 annis

974 668 1081 740 Saepius
1095 669 1218 741 asperior
1236 677 1369 743 quateret,
1384 684 1436 726 nec
1449 668 1590 743 frangeret
1603 682 1723 744 unquam

974 756 1063 826 Quem
1081 757 1150 814 laetis
1165 773 1282 815 censura
1295 758 1347 815 Dei
1360 756 1496 815 laudanda
1511 756 1607 816 diebus

973 845 1167 920 Perpetuaeque
1181 845 1259 904 bonis
1268 845 1353 904 voluit
1367 862 1476 905 servare
1491 845 1596 914 salutis,

973 934 1015 990 Ne
1030 935 1053 990 si
1068 935 1169 991 securis
1183 936 1305 992 riderent
1318 935 1372 992 otia
1387 936 1480 1004 rebus,

972 1023 1094 1079 Libertas
1110 1023 1221 1096 gravius
1235 1032 1378 1097 generaret
1391 1024 1464 1082 lenta
1478 1022 1628 1098 periclum3

974 1111 1069 1185 Gignit
1083 1111 1155 1169 enim
1169 1113 1296 1171 dutume
1311 1114 1388 1187 quies
1398 1113 1519 1171 fomente
1532 1113 1666 1180 laborum,

972 1201 1042 1273 luge
1055 1201 1216 1259 exercitium
1228 1218 1323 1274 paoem
1338 1203 1416 1274 parit,
1434 1202 1508 1257 addit
1522 1203 1665 1258 bonorem.

973 1287 1027 1357 Qui
1041 1305 1113 1362 vege
1125 1290 1226 1347 dilurm
1242 1292 1360 1348 servarit
1374 1291 1480 1348 semine
1493 1289 1598 1358 mundi,

972 1375 1009 1431 Et
1022 1393 1111 1449 genus
1124 1380 1272 1435 humanum
1284 1395 1370 1452 parre
1384 1379 1419 1436 de
1434 1378 1518 1452 stirpe
1528 1375 1633 1446 refecit,

973 1464 1025 1535 Qui
1039 1466 1140 1539 loseph
1155 1483 1274 1542 regnare
1287 1468 1361 1524 dedit
1369 1474 1430 1540 post
1444 1468 1562 1525 carceris
1576 1466 1698 1534 umbrae,

973 1552 1080 1628 Quique
1094 1557 1206 1613 domum
1221 1557 1305 1614 lsrael
1318 1557 1392 1614 duris
1405 1557 1460 1613 dux
1473 1557 1532 1628 ipse
1547 1553 1650 1612 eatenis

974 1642 1064 1711 Exuit,
1077 1652 1105 1699 et
1117 1645 1222 1716 pariter
1234 1645 1368 1717 promissa
1382 1644 1417 1700 ad
1432 1659 1496 1700 rura
1510 1641 1618 1701 vocarit

937 1731 1038 1819 BPost
1052 1730 1182 1800 latebras,
1199 1733 1309 1806 odiique
1324 1732 1411 1800 dolos,
1428 1739 1454 1789 et
1469 1731 1572 1805 prelia.
1587 1729 1683 1798 David,

974 1818 1026 1889 Qui
1041 1821 1115 1877 dedit
1129 1823 1281 1894 imperium,
1297 1823 1407 1896 natique
1422 1822 1550 1878 unmania
1564 1829 1643 1896 gesta

973 1908 1058 1964 Vertit
1072 1910 1099 1964 in
1112 1919 1262 1978 auctorem,
1279 1927 1429 1983 rursusque
1446 1911 1474 1966 in
1489 1925 1575 1983 regna
1589 1906 1701 1981 recepit,

973 1996 1022 2052 Cui
1036 2012 1089 2068 per
1103 1998 1162 2069 ipse
1176 1998 1235 2066 fuit,
1251 2005 1343 2055 vetem
1357 1998 1404 2071 qui
1418 1996 1495 2054 fauce
1510 1995 1630 2054 leonum.

973 2085 1086 2159 Ignibus
1100 2097 1126 2143 et
1141 2102 1243 2160 pueros
1255 2086 1354 2143 mediis
1369 2084 1506 2157 subduxit,
1524 2092 1552 2142 et
1566 2085 1620 2142 alto
1704 2075 1706 2079 ’

973 2174 1103 2231 fornacis
1116 2176 1231 2247 gremio,
1248 2190 1339 2232 rorem
1352 2188 1403 2247 pro
1416 2180 1541 2232 caumate
1556 2172 1664 2246 sparsit,
1767 2187 1769 2192 ·

973 2261 1025 2332 Qui
1039 2263 1161 2320 chistum
1175 2271 1238 2336 post
1252 2264 1348 2338 flagra,
1364 2278 1484 2331 erucem,
1500 2261 1655 2328 meledicta,
1676 2256 1771 2334 sepiri·

1674 2346 1773 2427 [crum

972 2444 1091 2518 Surgere
1103 2452 1130 2500 et
1144 2443 1179 2499 ad
1193 2441 1316 2500 dextram
1332 2439 1396 2498 fecit
1409 2440 1532 2498 residere
1545 2444 1697 2513 paternam,

971 2532 1023 2602 Qui
1033 2531 1118 2588 furvae
1131 2532 1267 2597 tenebras,
1279 2538 1306 2587 et
1320 2544 1395 2588 caece
1408 2528 1516 2585 silentia
1531 2527 1628 2594 noctis,

969 2621 1044 2676 lluta
1057 2621 1118 2677 luce
1132 2636 1204 2677 nove
1218 2619 1285 2677 cleri
1299 2634 1350 2691 per
1359 2618 1462 2674 lumina
1476 2616 1551 2685 solis,

970 2708 1023 2778 Qui
1038 2709 1152 2765 nebulas
1166 2708 1341 2781 pluvipmque
1355 2706 1428 2763 diem
1442 2705 1575 2762 redeunte
1589 2716 1687 2762 sereno

969 2796 1106 2864 Purificat,
1122 2797 1255 2870 terrisque
1269 2812 1347 2852 suum
1362 2803 1424 2868 post
1438 2793 1542 2868 frigora
1554 2795 1657 2851 brumae

969 2886 1023 2940 Ver
1037 2902 1169 2957 reparans
1183 2885 1283 2958 pomis,
1297 2883 1368 2942 foliis
1383 2891 1409 2940 et
1423 2882 1536 2939 floribus
1546 2895 1621 2951 erre,

969 2972 1037 3043 Quae
1046 2974 1152 3031 fuerant
1167 2974 1273 3047 pridem
1287 2972 1363 3030 cenis
1377 2972 1480 3028 turbata
1494 2969 1609 3043 pruinis,

970 3063 1082 3119 lnstruit
1096 3072 1123 3119 et
1136 3064 1226 3136 pelagi
1240 3062 1374 3119 ferventia
1388 3074 1527 3116 murmura
1541 3057 1627 3127 sedat,

156 3147 253 3220 Sisque
266 3162 373 3203 memor
388 3148 482 3217 nostri,
499 3164 604 3221 nosque
619 3150 657 3204 tui
670 3152 698 3205 in
709 3153 847 3222 precibus.
934 3111 1031 3223 Clpse
1046 3168 1095 3225 per
1107 3152 1269 3208 immensum
1283 3151 1391 3223 pietatis
1406 3165 1505 3204 munus
1519 3147 1615 3207 amice
1678 3164 1680 3167 ·

382 3295 451 3336 mett
470 3295 505 3336 AD
524 3297 651 3339 EUNDEH.

119 3394 233 3467 Suscipe
247 3409 333 3467 parra
347 3395 395 3464 tui,
410 3395 512 3467 presul
527 3395 697 3453 sanctissime
712 3398 819 3472 Degan,

154 3484 267 3540 liuuere
280 3484 422 3540 Strabonis
436 3500 497 3556 quae
509 3482 556 3539 tibi
569 3484 649 3540 mittit
661 3502 758 3545 ovans.

118 3572 161 3628 Sis
175 3588 281 3628 mernor
293 3572 322 3627 in
335 3571 471 3644 precibus,
487 3573 578 3629 reddis
593 3573 659 3629 dum
674 3583 737 3631 vota
758 3576 881 3645 Tonanti,

154 3661 306 3727 Strabonis,
322 3676 427 3717 memor
440 3669 481 3716 est
495 3678 605 3734 semper
620 3663 718 3734 etipse
734 3663 781 3719 tui.

118 3749 245 3806 Cemuina
258 3748 370 3823 Pygmei
380 3750 494 3817 mittam,
510 3750 685 3824 simulatque
699 3752 817 3826 gigantis

153 3838 223 3893 Dum
238 3853 352 3895 vacuum
366 3838 457 3907 fuerit,
470 3855 579 3911 semper
592 3840 692 3912 ubique
705 3832 774 3898 veie.

677 3932 774 3987 Amen·

450 4050 574 4091 AElflfffl·

116 4151 165 4206 Est
173 4148 291 4205 monitor
305 4146 426 4222 quidem,
456 4149 548 4222 plures
564 4152 609 4223 qui
624 4159 777 4208 commonet
792 4153 851 4224 ipse

113 4238 175 4292 Non
190 4246 280 4293 tamen
294 4236 348 4292 ulla
362 4236 435 4294 canit
449 4237 524 4294 dicte
537 4247 666 4294 monente
679 4238 811 4307 vicissim,

114 4325 182 4396 Quae
195 4326 259 4381 dum
273 4339 367 4382 cauma
381 4326 482 4399 coquit,
497 4327 606 4398 penitus
621 4334 690 4383 tacet
715 4335 797 4401 atque
816 4322 914 4386 refutat

115 4414 249 4481 cannino,
267 4414 315 4471 sed
329 4414 420 4471 medio
433 4413 531 4470 melius
545 4415 579 4470 de
593 4414 695 4490 frigore
711 4413 821 4488 clangit.

309 4564 433 4605 nnoeottt
451 4565 585 4605 briscono
603 4564 736 4606 meritust.

111 4664 209 4721 ludicii
222 4664 331 4721 decreta
345 4666 395 4721 Dei
409 4667 475 4721 dum
490 4666 589 4721 Paulus
607 4671 686 4722 acuto

112 4753 253 4810 Semtatus
263 4770 356 4824 sensu,
374 4755 439 4809 tanti
452 4769 508 4810 non
524 4763 617 4826 posset
633 4756 745 4813 honoris

61 4888 70 4906 ,
111 4842 174 4897 Non
187 4842 249 4898 dico
263 4841 348 4913 effari,
363 4843 412 4899 sed
423 4858 474 4899 nec
489 4843 648 4917 sontingere
659 4844 759 4901 molem

112 4930 247 4986 Attonitus
261 4930 390 5004 mirisque
405 4940 517 5003 stupens
532 4931 684 4989 affectibus.
702 4934 824 5007 uquam

112 5017 189 5084 Sunt,
201 5019 298 5091 inquit,
314 5019 404 5076 divina
419 5020 522 5076 homini
537 5022 686 5093 penetralia
701 5023 783 5097 longe

112 5105 232 5164 Occultis
247 5108 376 5163 abstruse
391 5108 450 5179 riis,
466 5126 527 5181 quae
541 5126 657 5182 corpore
671 5110 757 5167 clausi

111 5196 162 5252 Per
177 5194 317 5267 speculum
333 5195 455 5269 rarisque
470 5197 562 5253 rident
576 5214 609 5254 ex
623 5208 701 5270 parte
713 5198 821 5273 figuris.

110 5283 179 5354 Quis
194 5285 318 5341 dinoscet
333 5285 414 5350 enim,
432 5302 492 5358 quae
507 5286 540 5342 sit
555 5287 687 5359 sapientia
707 5288 828 5344 mundii

109 5372 178 5442 Quae
196 5371 239 5428 ria
253 5370 268 5428 i
283 5389 344 5445 quae
358 5388 451 5430 rerum
466 5375 602 5432 latebrosa
617 5376 753 5433 scientie?
768 5376 875 5450 quodve

108 5460 244 5518 iudicium
259 5472 419 5535 quocunota
430 5463 504 5520 Deus
518 5463 599 5538 regit,
615 5464 731 5533 ordinat,
748 5473 777 5521 ut
793 5466 869 5522 sinti

110 5548 171 5619 Quo
183 5562 249 5606 rasa
262 5549 384 5607 interitus
398 5550 490 5625 flagris
504 5560 532 5609 et
545 5568 613 5626 paee
628 5552 752 5610 emuntur

107 5635 232 5694 Tendere
243 5637 313 5694 celle
329 5655 388 5707 suo,
400 5657 450 5713 per
464 5642 536 5713 quod
550 5641 660 5713 pietatis
673 5650 792 5713 eguntur

968 3240 1024 3295 l'os
1038 3248 1145 3296 mutere
1159 3240 1244 3307 dedit,
1260 3237 1364 3296 fuerant
1379 3254 1440 3312 que
1451 3237 1537 3292 tristia
1546 3236 1625 3302 laetls,

970 3329 1003 3383 Ut
1018 3329 1081 3399 quie
1095 3330 1130 3384 de
1143 3329 1251 3385 Domini
1266 3327 1400 3384 didicistis
1412 3324 1498 3381 fidere
1511 3322 1601 3395 donis,

969 3415 1082 3471 Casuris
1095 3416 1200 3472 haerere
1215 3415 1305 3482 bonis,
1317 3431 1372 3471 non
1387 3413 1486 3470 deinde
1501 3411 1600 3471 uelitis.¹
1658 3423 1661 3439 ³

968 3506 1075 3576 Nempe
1089 3505 1186 3559 beatus
1201 3503 1252 3559 erit
1267 3504 1383 3560 Domino
1397 3503 1444 3575 qui
1459 3509 1553 3574 speret
1566 3500 1594 3557 in
1608 3498 1682 3574 ipso,
1755 3572 1757 3576 ἱ

968 3595 1018 3650 Est
1031 3590 1190 3648 maledictus
1205 3591 1270 3646 item
1285 3592 1331 3664 qui
1344 3589 1436 3647 cernis
1448 3587 1560 3646 brachia
1574 3588 1660 3645 credit

969 3681 1111 3749 Sufficere,
1127 3690 1154 3737 et
1169 3678 1278 3736 Domini
1293 3681 1406 3735 demens
1431 3674 1526 3732 soleba
1539 3677 1648 3732 temnit.
1722 3698 1723 3702 ¹

969 3773 1000 3827 ln
1012 3769 1128 3827 Domino
1142 3767 1261 3826 confisus
1276 3768 1359 3835 enim,
1373 3764 1446 3823 velut
1460 3764 1562 3837 inelyte
1575 3761 1651 3831 Sion,

967 3861 1030 3917 Non
1043 3867 1145 3915 metuet
1158 3857 1265 3932 pulsata
1279 3856 1358 3912 malis
1371 3871 1422 3928 per
1437 3853 1516 3911 secla
1530 3852 1644 3910 moveri.

968 3948 1037 4003 Nam
1051 3947 1097 4020 qui
1112 3947 1197 4003 verba
1212 3947 1263 4002 Dei
1277 3942 1407 4002 studiosis
1420 3941 1531 3998 auribus
1545 3939 1642 4004 haurit,

968 4038 1003 4093 Et
1016 4036 1154 4107 complere
1169 4035 1259 4091 studet
1274 4033 1379 4091 devotis
1393 4031 1486 4106 agnita
1500 4029 1588 4097 factis,

968 4122 1047 4178 llune
1060 4130 1160 4176 aetema
1173 4118 1234 4175 viro
1247 4118 1363 4174 similem
1378 4114 1510 4189 sapientia
1524 4112 1598 4183 dicit,

969 4208 1021 4279 Qui
1036 4224 1163 4264 mansura
1179 4208 1275 4264 domus
1289 4205 1365 4263 fulcit
1380 4203 1546 4268 fundamine,
1561 4214 1644 4259 sacrae

969 4297 1038 4354 lfole
1052 4304 1146 4370 petrae,
1159 4310 1220 4370 quae
1231 4294 1355 4352 Christus
1365 4294 1452 4361 adest,
1460 4292 1506 4348 ubi
1516 4288 1617 4362 templa
1630 4287 1766 4346 botrorum

969 4387 1038 4444 Sunt
1052 4386 1163 4460 figenda
1176 4402 1300 4459 operum,
1317 4384 1404 4440 subito
1421 4384 1445 4438 si
1456 4380 1562 4438 venerit
1575 4377 1650 4435 unda

926 4467 953 4528 D
966 4482 1090 4552 Fraudis,
1106 4493 1132 4540 et
1148 4499 1280 4550 errorum,
1296 4491 1342 4538 aut
1352 4468 1493 4553 pressurae
1506 4477 1617 4534 flumina
1628 4475 1706 4532 fortis

962 4582 1064 4638 Ventus
1078 4588 1105 4637 et
1119 4597 1136 4636 a
1150 4581 1278 4653 Scythico
1292 4580 1396 4653 ducens
1410 4577 1545 4650 Aquilone
1559 4574 1696 4650 fragorem
1708 4584 1712 4589 ·

963 4680 1059 4735 Sibilat
1072 4679 1215 4735 illecebras
1229 4678 1339 4752 antiqua
1353 4676 1450 4733 fraude
1466 4673 1593 4745 latentes,

961 4777 1011 4832 Vel
1025 4775 1095 4832 forto
1107 4776 1210 4848 ingenti
1225 4776 1249 4832 si
1263 4782 1425 4847 tempestate
1440 4773 1546 4843 fatigat,

962 4874 1019 4929 Stat
1031 4881 1157 4943 structor,
1173 4881 1226 4929 stat
1240 4879 1342 4929 structe
1356 4873 1464 4940 domus,
1481 4869 1545 4942 quia
1563 4867 1641 4924 firma
1661 4867 1759 4926 beate.

961 4968 1146 5024 Fundamenta
1158 4977 1251 5040 petre,
1268 4965 1530 5039 superimposuisse
1546 4963 1689 5037 probatur.

960 5066 1025 5124 llaec
1039 5067 1074 5123 de
1085 5067 1157 5122 mole
1171 5075 1267 5138 petre,
1276 5080 1350 5122 nero
1364 5070 1417 5120 stat
1431 5063 1543 5119 nomine
1559 5063 1665 5127 Petrus,

961 5164 992 5218 ln
1004 5179 1058 5237 quo
1071 5163 1194 5235 percepit
1208 5160 1332 5219 solvendi
1347 5161 1405 5218 sive
1419 5159 1522 5234 ligandi

962 5261 1036 5318 Ordo
1050 5267 1223 5333 potestatem,
1238 5260 1335 5316 merito
1351 5259 1397 5332 qni
1410 5257 1521 5315 nomine
1533 5264 1625 5315 vestro

960 5359 1074 5415 Dicitur.
1091 5359 1163 5415 bunc
1177 5359 1285 5431 quando
1300 5359 1380 5415 factis
1392 5366 1419 5414 et
1433 5359 1560 5433 dogmate
1576 5367 1650 5415 recto

959 5458 1072 5513 Vosmet
1088 5457 1189 5512 hebere
1203 5456 1304 5531 liquet3
1319 5473 1463 5531 quemquo
1475 5471 1557 5528 muge
1571 5457 1686 5621 quisqule
1694 5473 1754 5517 me·

1398 5552 1402 5561 '
1676 5554 1763 5616 refut,

960 5645 1018 5702 lloc
1029 5652 1058 5701 et
1070 5645 1172 5701 babere
1183 5645 1273 5718 magis
1288 5642 1499 5709 benecreditur;
1510 5657 1576 5714 erge
1590 5642 1693 5699 urenti
1769 5654 1778 5673 ··
