3772 6112
150 262 199 316 sit
382 256 585 316 wttxrnmr
603 256 725 312 srnxnr
744 254 844 311 rute.
866 252 952 309 uon.
973 230 1050 308 orr'.
1070 250 1159 307 rans
1178 251 1199 305 r.
1219 279 1255 291 -
1271 247 1510 306 rnsotoorex.
1754 251 1805 305 stt

188 383 348 441 Mensarum
370 383 446 452 fidei.
464 382 618 438 Secundum
632 379 714 435 tidem
738 394 819 450 quam
842 393 949 434 mensu·
962 375 1103 447 Alingua,
1120 391 1154 431 ne
1169 381 1365 446 praesumentes
1379 373 1414 429 de
1429 389 1459 429 sc
1478 388 1534 430 non
1548 370 1718 429 condoleant
1732 371 1801 440 aliis,

144 456 211 528 'rate
225 473 339 544 partitur
353 473 435 538 Dens,
448 472 506 526 haee
521 469 636 525 esttrdes
651 485 700 540 per
714 469 875 524 charitatem
883 483 949 538 ope·
1000 464 1048 519 sed
1057 463 1231 534 exprobrent.

152 576 218 617 rans
240 563 299 617 sine
327 577 379 632 qua
398 559 471 614 nulla
492 560 651 629 cujusquam
680 557 860 613 existimanda
888 564 950 611 sunt
1036 553 1119 608 Vens.
1134 555 1177 607 le.
1193 582 1227 592 —
1242 554 1311 608 Datc
1330 553 1431 608 locutu.
1450 549 1513 605 Non
1527 548 1656 622 praecipit
1670 557 1701 605 ut
1715 547 1802 605 vindi-

151 665 247 723 opera.
264 650 372 706 Christo
384 664 439 703 non
454 648 489 702 ad
502 662 659 702 mensuram
680 647 760 701 datus
774 654 816 701 est
827 645 948 717 spiritus,
1000 640 1057 696 cari
1072 640 1157 696 nolint
1168 641 1255 696 sancti
1270 641 1365 709 alteo,
1382 639 1456 711 quod
1470 639 1498 693 in
1512 638 1682 710 Apocalypsi
1688 637 1805 694 clamant

152 740 203 798 sed
217 739 323 795 caeteris
336 737 464 794 omnibus
488 736 566 791 datur
589 743 616 790 et
630 735 708 790 datus
724 735 852 800 additur3
876 734 950 789 unde
1000 728 1097 795 sancti,
1119 744 1174 784 non
1198 727 1308 802 quidem
1333 735 1445 800 propter
1469 727 1683 783 exsaturandum
1702 725 1802 796 odium,

151 827 271 884 loannes
285 827 319 882 de
335 826 442 882 Christo
452 825 580 881 aitzllon
594 824 672 879 caim
682 823 892 879 admensuratae
901 822 951 878 dot
1001 818 1050 873 sed
1073 817 1135 890 quia
1160 818 1290 889 seriptum
1323 824 1364 872 est
1394 816 1578 872 :letabitur
1603 819 1717 888 justas,
1743 832 1805 873 cum

152 917 225 972 Deos
234 916 381 988 Spiritum,
393 913 500 970 caeteris
515 910 656 979 dividitur,
673 928 728 969 non
738 911 848 983 quidem
861 911 950 983 Spiri-
1000 905 1408 977 emmerammenses-ancipit
1419 912 1518 971 autem,
1531 913 1559 959 ut
1574 904 1628 976 ipsi
1636 920 1668 960 se
1678 919 1736 959 uon
1748 903 1804 960 tin-

152 1011 205 1070 tus,
223 1002 272 1058 sed
289 1004 359 1058 dona
379 1002 446 1072 ejus.
1000 993 1121 1051 dicantes
1135 995 1200 1050 dent
1213 995 1302 1052 locum
1320 994 1368 1051 irae
1387 993 1438 1049 Dei
1453 993 1500 1066 qui
1515 992 1580 1049 dicit
1598 1011 1605 1047 z
1622 993 1691 1049 llihi
1709 992 1803 1049 vindi·

186 1111 272 1165 Vens.
291 1112 317 1165 l.
333 1140 368 1150 -
384 1110 465 1166 Sicut
476 1111 553 1166 enim
564 1110 596 1164 in
607 1124 674 1164 ano.
691 1107 786 1180 (huo.)
801 1107 889 1162 Nemo
901 1121 950 1178 po-

150 1197 214 1255 terit
228 1214 290 1253 esse
315 1198 415 1267 justus,
440 1198 560 1270 quandiu
584 1196 666 1252 luerit
679 1197 713 1252 ab
743 1196 844 1252 unitate
872 1196 951 1264 hujus

152 1287 275 1359 eorporis
289 1295 442 1358 separatus,
459 1295 524 1354 ete.,
540 1303 626 1360 usqae
642 1287 678 1342 od
690 1285 739 1341 sed
761 1286 830 1341 bene
858 1284 951 1340 utendi

152 1376 252 1448 pietate
260 1376 429 1447 possideant.

188 1491 274 1546 Vens.
288 1495 313 1558 5,
330 1494 359 1546 6.
375 1521 409 1532 -
419 1490 531 1562 Siapoti
540 1494 637 1546 ortem
650 1489 725 1545 attor
734 1489 951 1544 otteriosmcm-

152 1580 210 1645 bro,
224 1580 366 1650 babentes,
383 1587 436 1634 ete.
453 1579 494 1635 hd
505 1577 774 1634 hooliabentesboua
788 1574 950 1632 differentia.

152 1668 203 1725 Vel
217 1668 318 1740 singuli
342 1685 436 1723 sumus
450 1668 585 1734 membra,
611 1667 693 1739 igitur
721 1666 748 1720 in
763 1664 952 1722 differentibus

151 1756 232 1812 donis
239 1758 291 1813 hoe
304 1765 420 1830 agatur3
438 1773 498 1828 quae
514 1766 602 1811 autem
625 1762 686 1810 sunt
708 1754 761 1810 illm
789 1754 885 1826 gratim
913 1767 950 1850 ex
964 1745 990 1805 B
1010 1793 1188 1863 superfluos
1197 1795 1224 1846 et
1234 1792 1356 1863 injustos
1367 1791 1458 1862 mov·
1474 1790 1565 1860 mh
1582 1796 1711 1846 ettamen
1727 1788 1808 1844 egam

154 1861 270 1919 quarum
285 1846 444 1902 diversitate
468 1845 585 1900 dicimur
601 1843 735 1909 membra,
751 1851 778 1898 et
800 1842 916 1914 qualiter
931 1857 959 1895 ru

151 1933 217 2001 illis,
235 1935 314 1990 nobis
329 1935 445 1990 invicem
458 1933 613 1988 subservire
623 1932 781 2000 debeamuS,
806 1931 893 2002 aperit
918 1929 960 1984 di-

154 2039 236 2080 cens:
247 2024 309 2080 Siue
316 2023 499 2096 prophetiam
508 2023 663 2078 secondom
669 2022 809 2077 rationem
818 2019 894 2089 fidei,
901 2020 958 2074 siae

153 2112 358 2178 ministeriam,
372 2120 423 2167 etc.
436 2112 586 2177 Habentes,
604 2109 690 2164 simus
700 2109 823 2164 membra
832 2107 956 2170 aliorum,

154 2208 183 2256 ut
197 2200 250 2256 illis
264 2202 470 2273 prophetemus.
495 2200 633 2255 Habentes
656 2198 718 2253 dico
741 2197 897 2254 secondom
912 2214 957 2252 re-

157 2290 261 2346 tionem
271 2289 347 2358 fidei,
366 2289 427 2361 quia
443 2296 527 2360 prout
541 2287 626 2361 exigit
643 2285 711 2342 tides
723 2302 827 2351 eorum,
848 2284 890 2340 vel
906 2301 957 2339 au-

154 2377 273 2434 ditorum
297 2376 440 2449 prophetia
469 2377 557 2432 datur.
582 2377 652 2432 Nota
676 2376 748 2447 quod
763 2376 791 2429 in
813 2390 957 2429 enumcra-

153 2467 226 2524 tione
241 2467 393 2538 gratiarum
417 2482 432 2522 a
444 2466 589 2538 prophetia
604 2465 708 2536 incipit,
719 2464 780 2535 quia
791 2464 880 2535 prima
891 2478 956 2534 pro-

154 2555 228 2612 batio
244 2556 317 2627 quod
332 2555 401 2611 fides
416 2563 511 2611 nostra
522 2555 556 2610 sit
564 2553 742 2622 rationabilis,
753 2560 794 2607 est
809 2552 882 2624 quod
893 2567 956 2608 era-

153 2643 251 2702 dentes
273 2653 384 2717 aceepto
401 2644 503 2715 Spiritu
520 2643 728 2715 prophetabant.

190 2752 276 2808 Vsus.
302 2756 328 2805 8.
345 2780 380 2791 -
397 2751 450 2820 Qui
472 2750 635 2804 miseretur.
664 2748 729 2802 llaec
759 2745 896 2802 miseratio
916 2752 956 2800 est

154 2839 312 2912 quotidiana
322 2838 458 2893 medicina
470 2836 634 2910 quotidianis
644 2834 861 2892 uulneribusetsi
872 2833 956 2889 levio-

154 2929 250 2984 ribus:
267 2936 358 2984 tamen
368 2927 588 3000 judiciumsioe
598 2924 797 2981 misericordia
812 2923 862 2993 fiet
872 2924 956 2996 eique·

154 3034 213 3074 noo
222 3019 295 3090 tacit
305 3015 532 3073 miscricordiam
546 3015 616 3085 (tac.
632 3015 675 3085 11),
692 3021 718 3068 et
733 3014 785 3068 boc
803 3012 895 3085 utique
907 3013 954 3081 ju-

155 3115 227 3162 stum
241 3114 283 3161 est
311 3112 339 3160 ut
364 3104 514 3159 dimittatur
542 3101 687 3157 dimittenti
714 3109 741 3156 et
769 3101 846 3156 detur
869 3099 990 3162 dantic

157 3193 287 3265 Quisquis
296 3209 362 3249 vero
378 3192 457 3265 quasi
472 3191 645 3261 nimisjustus
660 3199 687 3246 et
702 3205 816 3247 securus
823 3189 954 3259 judicium

156 3290 294 3355 exspectat
318 3281 377 3337 sine
405 3280 604 3347 misericordia,
629 3279 680 3334 sibi
712 3279 782 3334 iram
813 3286 953 3350 provocat.

52 3384 58 3396 ·
154 3371 342 3427 Misericordia
371 3371 430 3426 haec
458 3369 600 3441 multiplex
627 3378 678 3433 est,
705 3367 810 3425 seilicet
829 3367 955 3439 peccanti

155 3460 311 3534 ignoscere,
327 3474 460 3530 oppresso
476 3459 630 3524 subvenire,
644 3466 717 3523 etc.;
734 3464 760 3512 et
783 3456 845 3512 ideo
865 3455 955 3511 subdit

157 3549 191 3605 da
206 3547 525 3620 misericordiaponendo
541 3563 625 3601 unum
640 3546 698 3615 ejus
718 3545 872 3600 membrum
894 3559 955 3600 curn

155 3637 328 3712 praemissum
344 3636 378 3691 sit
392 3636 464 3691 aliud
478 3635 644 3704 membrum,
672 3634 718 3689 ubi
734 3642 824 3689 autam
840 3634 889 3706 qai
900 3635 955 3689 tri-

156 3727 267 3794 buitis
285 3725 480 3799 simplicitate.
500 3724 663 3796 Simplicitas
682 3723 801 3779 excludit
829 3721 956 3794 hypocri-

156 3815 218 3882 sim,
234 3815 355 3870 hilaritas
370 3814 501 3886 gaudium
515 3813 643 3883 ostendit,
661 3819 688 3868 ct
712 3810 810 3866 fretum
839 3826 888 3882 spa
910 3808 955 3863 su·

157 3904 219 3961 turi.

192 4021 277 4075 Vsus.
298 4021 343 4074 li.
362 4019 465 4074 -Nort
478 4018 565 4090 pipri.
589 4014 749 4072 Maledictus
775 4023 817 4069 est
832 4012 878 4086 qui
892 4011 957 4068 lacit

1000 1088 1087 1149 cmm,
1100 1088 1128 1140 et
1138 1100 1186 1156 epo
1196 1085 1362 1140 retribuam.
1375 1083 1403 1138 Si
1414 1097 1480 1154 ergo
1495 1081 1552 1138 vult
1568 1081 1670 1148 bonus,
1687 1088 1718 1136 ut
1732 1081 1804 1137 Deus

1000 1170 1141 1227 inimicum
1155 1173 1259 1243 puniat,
1289 1179 1400 1227 nonest
1424 1172 1478 1226 boe
1497 1170 1613 1226 reddere
1637 1168 1743 1224 malum
1757 1185 1806 1240 pro

1001 1260 1082 1315 malo.
1099 1260 1165 1315 Cum
1181 1277 1249 1333 ergo
1264 1262 1346 1315 homo
1358 1262 1449 1330 justus
1465 1267 1491 1314 et
1506 1260 1587 1314 homo
1598 1258 1687 1312 malus
1701 1258 1737 1312 de
1753 1257 1805 1312 ini-

1000 1348 1079 1403 micis
1103 1349 1159 1404 suis
1172 1364 1187 1403 a
1202 1350 1260 1404 Deo
1275 1348 1340 1405 velit
1353 1347 1497 1415 vindicari,
1522 1348 1550 1401 iu
1567 1362 1622 1419 quo
1638 1346 1804 1402 discernun-

1001 1437 1069 1492 tur?
1083 1438 1173 1492 Bonus
1188 1437 1278 1509 magis
1303 1435 1376 1507 cupit
1391 1435 1494 1507 corrigi
1509 1435 1651 1491 inimicum
1666 1449 1750 1507 quam
1760 1451 1808 1506 pu-

1002 1524 1065 1591 niri,
1081 1532 1107 1580 ot
1122 1526 1271 1590 otthJeus
1285 1525 1362 1596 punit
1377 1540 1430 1580 non
1446 1524 1597 1580 delectatur
1612 1524 1646 1578 dc
1657 1539 1740 1594 poena
1753 1522 1807 1577 ini-

1002 1613 1075 1680 mici,
1093 1615 1140 1668 sed
1156 1614 1209 1669 hoc
1226 1613 1251 1668 ei
1266 1614 1353 1684 placet
1370 1613 1442 1685 quod
1466 1620 1492 1668 el
1515 1612 1642 1679 Domino,
1668 1612 1733 1684 quia
1745 1628 1807 1666 oum

1002 1702 1102 1775 diligit,
1119 1702 1227 1757 etDeus
1242 1710 1284 1757 cst
1298 1717 1377 1774 quem
1393 1701 1515 1772 sequitur
1529 1701 1557 1755 in
1572 1702 1626 1757 hoc
1643 1717 1650 1755 :
1667 1701 1723 1770 Qui
1731 1701 1805 1772 ptuit

1008 1877 1037 1932 in
1052 1878 1103 1933 hoc
1119 1879 1219 1935 saeeulo
1238 1878 1362 1949 asperius
1376 1878 1531 1949 pertinaces
1541 1877 1654 1948 corripit
1669 1886 1696 1932 et
1710 1876 1740 1931 in
1754 1874 1807 1931 fine

1009 1966 1156 2035 damnabit,
1172 1967 1215 2022 cui
1230 1967 1345 2037 proinde
1356 1966 1520 2022 reservanda
1535 1974 1576 2021 est
1603 1965 1736 2021 vindicta.
1761 1963 1809 2020 llle

1008 2055 1055 2110 dat
1083 2055 1172 2110 locum
1195 2055 1241 2109 irae
1263 2055 1424 2121 adversarii,
1446 2054 1491 2126 qui
1523 2054 1655 2126 permittit
1681 2054 1809 2110 adversa·

1007 2143 1077 2197 rium
1093 2143 1261 2214 facerequod
1277 2144 1342 2198 tult.

1044 2233 1129 2288 Vsus
1145 2236 1189 2289 20.
1206 2262 1240 2272 -
1255 2232 1307 2288 Sed
1329 2233 1354 2288 si
1369 2231 1512 2289 esurierit.
1527 2231 1599 2286 Nota
1620 2229 1807 2297 insolentiam,

1007 2321 1066 2386 sed,
1083 2320 1289 2390 conjunctionis.
1302 2322 1340 2375 lta
1350 2320 1421 2376 enim
1432 2319 1655 2392 prosequendum
1666 2327 1720 2386 est,
1731 2320 1809 2393 quasi

1006 2425 1061 2463 non
1076 2409 1232 2480 interposita
1247 2416 1364 2481 utraque
1380 2409 1414 2463 sit
1428 2408 1593 2478 conjunctio.
1610 2408 1662 2471 Vel
1674 2409 1757 2463 etiam
1772 2408 1810 2463 ita

1005 2505 1095 2568 potest
1109 2497 1174 2570 legi,
1195 2505 1224 2552 ut
1252 2505 1350 2552 neutra
1373 2497 1521 2567 superiluat
1545 2495 1712 2565 conjunctio,
1730 2495 1809 2568 quasi

1007 2585 1088 2656 dicat,
1104 2601 1159 2641 non
1174 2586 1261 2643 solum
1276 2602 1331 2641 non
1340 2585 1493 2641 defendatis
1506 2601 1567 2652 vos,
1583 2585 1633 2640 sed
1647 2586 1682 2652 si,
1701 2592 1754 2640 etc.

1303 2727 1417 2784 CAPUT
1431 2727 1506 2783 Xlll.

1041 2870 1127 2925 Vnus.
1146 2874 1171 2924 l.
1188 2899 1223 2909 -
1240 2869 1334 2926 Omnis
1350 2870 1457 2926 anima.
1474 2869 1715 2942 (huo.Eapositio
1727 2883 1807 2940 prop.

1004 2960 1056 3015 rat
1071 2975 1107 3014 ec
1127 2961 1208 3031 epist.
1220 2959 1256 3014 od
1272 2958 1362 3026 Rom.)
1378 2957 1458 3027 Quod
1481 2958 1517 3012 ait
1533 2956 1685 3028 spostolus
1699 2957 1745 3013 hie
1760 2973 1806 3012 re·

1005 3046 1125 3101 ctissime
1141 3046 1277 3113 admonet,
1295 3054 1358 3112 alc,
1375 3047 1508 3118 tuqueod
1524 3053 1614 3103 tamen
1625 3045 1809 3102 omnishomo

1007 3135 1131 3190 subditus
1147 3135 1181 3189 sit
1196 3135 1329 3206 superiori
1344 3151 1383 3190 se.

1042 3225 1102 3281 Noa
1113 3228 1156 3279 cst
1171 3224 1248 3279 enim
1273 3227 1407 3296 potestas.
1425 3225 1548 3280 Potestas
1563 3231 1636 3279 esta
1663 3222 1742 3290 Deo;
1760 3222 1808 3279 sed

1005 3308 1064 3384 quae
1078 3328 1093 3366 a
1106 3313 1164 3368 lieo
1178 3319 1251 3381 sunt,
1293 3311 1420 3367 ordinata
1449 3319 1530 3379 sunt;
1548 3327 1616 3385 ergo
1631 3319 1756 3382 potestas
1770 3320 1811 3368 est

1004 3400 1139 3456 ordinata.
1156 3401 1249 3473 ltaque
1274 3399 1320 3472 qui
1345 3399 1446 3456 resistit
1468 3399 1603 3471 potestati,
1624 3400 1676 3455 Dei
1695 3399 1809 3455 ordina·

1003 3488 1070 3544 tioni
1082 3488 1192 3556 resistit,
1210 3490 1244 3544 de
1260 3488 1332 3544 bona
1342 3496 1476 3560 potestate
1486 3496 1569 3560 patet,
1586 3489 1660 3560 quod
1676 3504 1737 3544 eam
1746 3504 1810 3560 per·

1004 3577 1068 3634 tecit
1082 3578 1166 3632 Deus.
1183 3577 1388 3634 Rationabiliter
1403 3578 1437 3632 de
1446 3578 1520 3632 mala
1533 3577 1730 3647 tideripotest,
1743 3577 1808 3633 dum

1004 3673 1033 3722 et
1046 3666 1110 3722 boni
1124 3682 1174 3737 per
1189 3680 1250 3720 eam
1265 3675 1426 3738 purgantur,
1443 3674 1469 3721 et
1484 3665 1549 3720 mali
1572 3666 1752 3732 damnantur,
1781 3673 1809 3722 et

1004 3753 1106 3825 ipsain
1130 3753 1251 3809 deterius
1274 3753 1467 3826 praecipitatur.
1492 3754 1527 3808 Et
1556 3753 1637 3823 scias,
1666 3753 1741 3825 quod
1757 3769 1810 3809 no-

1005 3842 1079 3898 mine
1102 3842 1243 3913 potestatis
1262 3842 1398 3897 interdum
1427 3842 1559 3913 accipitur
1586 3849 1710 3913 potestas
1739 3842 1811 3914 ipsa,

1006 3947 1065 4004 quae
1081 3932 1161 3986 datur
1176 3930 1257 3987 alicui
1272 3932 1363 3998 alteo,
1375 3931 1521 4004 aliquando
1536 3930 1594 4001 ipse
1609 3931 1693 3987 bomo
1704 3930 1813 3988 habens

1005 4027 1168 4092 potestatem
1180 4039 1187 4086 ·,
1199 4020 1270 4091 quod
1286 4020 1403 4093 diligens
1417 4020 1503 4075 lector
1518 4019 1679 4092 distinguat.

156 4125 226 4181 opus
240 4107 290 4163 Dei
304 4107 490 4179 negligenter,
501 4106 580 4177 piget·
595 4106 653 4160 sine
668 4121 717 4176 spe
738 4111 780 4160 esi
794 4104 822 4159 in
842 4117 956 4159 eonver-
1045 4109 1213 4177 Quoeautem
1226 4113 1306 4175 sunt,
1321 4109 1541 4165 aDeoordinata
1554 4112 1632 4164 saint,
1645 4108 1676 4162 ld
1692 4115 1745 4173 est,
1762 4123 1811 4163 ra-

156 4197 259 4253 satioae
273 4195 375 4253 divina.
392 4197 426 4251 Et
441 4194 503 4251 ideo
527 4202 556 4249 ut
570 4193 656 4266 frigus
680 4193 799 4266 pigritiae
828 4192 955 4263 pellatur.
1007 4196 1207 4253 tionebilitera
1243 4197 1300 4252 Deo
1322 4197 1461 4268 disposita,
1482 4197 1568 4251 unde:
1586 4199 1659 4252 Deos
1679 4200 1814 4269 potentes

155 4287 225 4343 Sitis
234 4289 387 4357 servantes,
401 4292 455 4340 ete.
1006 4285 1180 4357 oonohjicit,
1197 4302 1263 4341 cam
1282 4290 1312 4342 ct
1321 4287 1379 4358 ipse
1390 4287 1538 4358 poteossit
1550 4285 1618 4356 (tob.
1637 4286 1758 4356 aarum.)

191 4375 300 4448 Spiritu
313 4376 465 4445 ferventes.
479 4373 613 4444 (Tirsos.)
624 4370 765 4443 Spiritum,
781 4369 898 4442 gratiam
912 4384 957 4440 ap
1045 4374 1162 4445 (Gneo.)
1178 4373 1265 4429 Deum
1279 4374 1379 4445 quippe
1394 4374 1493 4429 imitari
1508 4373 1653 4438 desiderat,
1673 4373 1812 4446 quifasti-

155 4463 275 4537 pellexit,
292 4472 357 4530 etc,
373 4462 506 4536 usquead
517 4461 569 4517 hoc
585 4460 660 4515 enim
677 4460 754 4516 dixit.
774 4460 902 4516 Orationi
912 4459 957 4513 in·
972 4459 998 4520 D
1012 4462 1086 4537 gium
1100 4462 1238 4535 potentiae,
1256 4471 1318 4530 etc,
1336 4461 1535 4536 usqueodquia
1546 4477 1725 4534 nequaquam
1737 4462 1814 4533 justa

154 4558 274 4610 stantes.
296 4552 327 4607 ld
341 4559 391 4622 est,
408 4551 518 4606 assidue
533 4552 585 4606 hoc
602 4548 743 4606 iacientes.
1005 4552 1136 4624 potentia,
1154 4551 1204 4607 sod
1216 4550 1286 4607 actio
1301 4567 1388 4622 prava
1403 4551 1556 4605 damnatur.

191 4643 309 4699 Domino
327 4641 492 4706 servientes,
521 4647 573 4695 etc.
599 4639 684 4709 Quasi
702 4637 774 4694 dicat
792 4654 798 4691 :
825 4634 956 4705 Quamvis
1040 4660 1126 4714 Vm·
1143 4663 1208 4716 2·-
1225 4659 1277 4727 Qui
1287 4661 1383 4713 autem
1403 4658 1521 4714 mmm·
1537 4656 1634 4729 (ΑΜ.)
1645 4655 1721 4726 Quid
1737 4656 1812 4727 siju,

155 4730 272 4787 dixerim
281 4738 309 4785 ut
324 4730 421 4801 spiritu
436 4729 573 4784 ferventes
589 4728 663 4794 sitis;
681 4735 837 4782 nontamen
853 4723 957 4823 passim
1005 4747 1067 4803 beat
1076 4747 1148 4819 quod
1163 4762 1217 4802 non
1231 4745 1369 4802 qeeffihic
1384 4761 1450 4801 sane
1465 4753 1619 4801 contemnet
1635 4752 1812 4816 potestatem,

155 4827 182 4876 et
197 4820 349 4891 importune
360 4818 446 4874 verba
460 4817 510 4871 Dei
524 4816 666 4890 ingeratis,
686 4816 735 4871 sed
750 4823 881 4886 temporis
905 4828 956 4884 op·
1006 4835 1127 4891 timendo
1141 4843 1304 4906 potestatem
1319 4835 1468 4905 maj-mem
1485 4850 1553 4908 ergo
1564 4834 1587 4888 si
1601 4833 1677 4888 ,qiud
1691 4833 1814 4905 imper„

154 4908 317 4981 portuuitate
333 4907 392 4961 sitis
406 4905 553 4973 ferventes,
570 4913 599 4960 ut
621 4904 692 4976 aptis
715 4903 793 4970 loeis,
819 4901 955 4974 personis,
1007 4932 1060 4991 tor,
1077 4924 1268 4980 eqaqjudneus
1276 4922 1604 4994 jubeat,conqempq0i110
1615 4922 1813 4994 obtempera.
1840 4915 1843 4920 ’

155 5004 316 5068 ettempore
331 4995 417 5051 verba
432 4994 496 5049 fidei
512 4992 671 5067 loquamini.
690 4994 848 5049 Feruentes.
868 4990 958 5062 Spiri·
1009 5013 1075 5068 dum
1091 5020 1132 5067 ρει
1148 5014 1214 5068 000,

155 5093 198 5183 tus
213 5084 284 5156 ignis
305 5092 347 5138 est
371 5098 424 5156 quo
449 5082 535 5138 seruet
561 5081 689 5150 charitas,
725 5081 796 5182 unde
826 5079 958 5182 Dominus
1046 5112 1130 5166 Vm
1146 5115 1172 5165 3·
1189 5142 1224 5151 -
1239 5112 1393 5183 Principes·
1410 5109 1481 5165 Dicit
1504 5107 1565 5162 illos
1588 5123 1650 5163 esse
1670 5107 1813 5181 principes

156 5180 210 5229 art:
227 5173 522 5245 lpnemueaimittcre
532 5172 688 5237 interram,
702 5170 807 5243 etquid
819 5171 887 5235 uolo,
901 5183 959 5224 atsi
1009 5199 1167 5272 Apostolus,
1184 5200 1229 5271 qui
1244 5206 1353 5270 propter
1367 5197 1561 5271 corrigendam
1576 5196 1661 5252 vitam
1676 5205 1705 5252 et
1718 5197 1814 5269 prohi-

158 5261 258 5317 πάθω
267 5264 278 5317 '⁹
288 5259 367 5333 (m
380 5261 444 5330 ω’)
1010 5289 1100 5344 benda
1114 5288 1232 5343 adversa
1242 5295 1378 5357 creantur,
1395 5286 1445 5341 Dei
1460 5286 1591 5340 habentes
1606 5285 1770 5357 imaginem,
1787 5293 1816 5342 ut

193 5376 279 5432 Vnus.
298 5380 330 5433 li
345 5407 379 5418 -
397 5378 448 5448 Spe
462 5375 626 5446 gaudentes.
644 5373 717 5430 Certi
731 5374 766 5430 de
783 5349 881 5429 intubis
890 5388 959 5446 gau·
1010 5377 1060 5432 sub
1076 5393 1130 5432 nno
1144 5376 1237 5433 eaeteri
1252 5376 1313 5431 sint.
1330 5377 1389 5433 Non
1414 5379 1483 5431 sant
1500 5375 1600 5430 timore
1612 5375 1687 5440 boni,
1713 5382 1769 5431 etc.
1787 5374 1815 5430 Si

159 5466 236 5532 dent,
252 5474 278 5522 et
293 5465 354 5521 ideo
371 5465 505 5534 patientes
519 5463 546 5517 in
561 5462 744 5518 tribulatione.
1010 5466 1099 5521 bonus
1114 5465 1302 5537 estprinecps,
1319 5465 1389 5519 bene
1404 5471 1563 5535 operantem
1578 5478 1634 5518 non
1657 5461 1748 5533 punit,
1764 5463 1817 5519 sed

195 5554 280 5612 Vsus.
295 5558 337 5609 te.
354 5583 388 5593 -
401 5553 622 5609 Cortscotieatcs.
640 5551 720 5621 Quod
731 5550 822 5607 nonfit
837 5566 886 5607 ore
902 5557 962 5606 tan·
1009 5555 1107 5626 diligit.
1125 5554 1172 5610 Sin
1186 5555 1284 5621 malus,
1301 5569 1355 5609 nou
1371 5553 1542 5618 noeetbono,
1562 5551 1611 5607 sed
1624 5559 1726 5624 purgat
1741 5568 1814 5608 eum.

159 5651 225 5709 turm,
242 5643 304 5714 qnia
319 5649 432 5699 toncest
448 5658 513 5698 vera
528 5642 676 5710 humilitas,
693 5641 716 5696 si
732 5648 843 5696 nonest
860 5641 887 5695 iu
904 5639 961 5696 sola
1010 5644 1173 5716 Malusergo
1191 5643 1313 5700 subditus
1332 5643 1413 5702 debet
1427 5642 1532 5712 timere,
1548 5640 1613 5713 quia
1628 5640 1744 5697 instituti
1753 5648 1818 5696 sunt
