3772 6112
53 252 110 308 837
524 248 682 308 ΕΡΙΤΟΜΕ
697 248 880 308 COEMENT.
899 249 1031 308 mant
1045 250 1083 308 [N
1097 251 1210 311 cuttu
1658 255 1711 313 8³8

52 395 67 427 ι
85 373 115 431 Si
129 388 233 431 caeeum
248 371 338 439 luerit,
357 393 369 423 ι
386 371 415 429 id
428 381 471 430 est
483 373 588 430 lumine
614 374 736 432 scientia
750 389 857 443 carens;
872 372 974 436 Avero
988 375 1199 442 solemnitatem,
1228 375 1422 432 humanitatem
1452 376 1562 434 Domini
1593 379 1712 436 ostendit

53 484 67 516 ι
84 463 110 519 si
122 461 250 529 fractum,
269 462 379 518 «idest
395 476 450 518 non
465 463 537 519 bene
552 463 695 531 incedens;
715 486 727 516 ι
749 463 773 519 si
786 463 857 520 cica-
906 465 956 520 sub
970 466 1120 537 Evangelio
1130 467 1253 522 umbram
1268 465 1453 538 subsequente
1468 484 1561 525 veram
1578 467 1711 525 solemni·

53 552 152 609 tricem
166 551 281 623 habeus,
295 572 307 602 ι
322 550 351 607 id
365 559 406 608 est
418 553 551 625 praeteriti
564 555 773 625 uotampeecati.
790 553 858 610 Sunt
907 561 988 610 tatem
1005 555 1116 611 rationis
1131 555 1262 627 incipere.
1279 556 1320 611 De
1334 572 1388 628 quo
1412 556 1456 612 die
1480 564 1586 629 septem
1600 574 1713 630 azymo·

54 641 131 698 enim
139 641 267 715 quaedum
278 649 389 713 peccata
399 657 461 714 qum
474 642 498 698 si
507 642 665 699 manisfeste
675 642 704 698 in
716 658 749 698 eo
760 643 858 715 depre·
906 658 968 698 rum
982 643 1041 699 dies
1055 644 1273 714 dinumerantur,
1285 645 1349 716 quia
1362 661 1417 701 non
1435 645 1591 718 redemptos
1604 664 1620 703 a
1635 648 1713 706 Chri·

52 730 212 786 hendamm
225 731 272 803 qui
285 730 453 787 ordinandus
461 738 512 797 est,
525 731 644 801 rejicitur
658 731 700 803 ab,
712 731 831 804 incoepto
848 750 856 799 3
907 740 949 788 sto
963 732 989 787 in
1003 739 1058 788 tota
1072 734 1126 788 vita
1139 741 1233 789 nostra
1248 733 1282 789 ad
1303 734 1483 790 amaritudine
1497 734 1619 793 ludaiom
1646 753 1711 809 per·

56 839 70 870 ι
83 818 109 874 si
118 818 266 891 papulas‚»
280 818 309 875 id
319 826 360 876 est
368 818 544 876 detractionis
558 819 663 886 vitium3
680 820 856 890 «scabiem»
907 819 1042 876 versitatis
1056 838 1118 877 esse
1131 821 1232 878 debere
1247 822 1381 879 immunes
1396 831 1422 879 et
1436 823 1552 879 aliorum
1566 841 1709 895 ¹errorum.

53 907 271 980 inquietudinem
281 916 309 965 et
321 909 474 977 avaritiam3
488 908 552 965 «vel
563 908 762 982 impetiginem,
777 909 859 982 »qu'ae
910 928 922 959 ι
938 909 1004 965 Dies
1014 909 1118 982 primus
1133 911 1184 967 erit
1194 911 1273 968 vobis
1283 912 1504 982 celeberrimus,›
1521 929 1635 986 usquc«
1652 913 1712 972 dies

18 996 22 1003 ’
55 996 119 1053 siue
133 997 229 1054 dolore
242 993 339 1070 fatigat
360 1013 470 1069 corpus,
485 1005 512 1054 et
525 999 652 1055 convenit
674 997 857 1069 fornicationi,
909 1005 999 1055 autem
1007 999 1139 1071 septimus
1148 1000 1199 1054 erit
1213 1000 1349 1056 celebrior
1363 1009 1390 1057 et
1400 1001 1529 1057 sanctior.
1548 1023 1560 1053 ι
1575 1002 1640 1059 Dies
1655 1003 1711 1076 pri·

56 1101 120 1160 qum
134 1085 211 1142 cami
233 1085 331 1153 dulcis,
358 1086 457 1143 eninm
471 1094 513 1143 est
534 1085 680 1159 pernicies.
700 1088 860 1158 Huiusmodi
908 1103 970 1143 mus
977 1087 1118 1160 ingressus
1132 1096 1174 1144 εει
1186 1103 1265 1144 novae
1279 1088 1350 1155 vitae,
1368 1090 1427 1145 dies
1434 1090 1565 1162 septimus
1584 1106 1711 1148 consum·

55 1174 131 1232 vitiis
143 1174 240 1247 poDuti
252 1192 426 1248 nequaquam
439 1176 473 1232 ad
484 1176 585 1248 gradus
598 1177 777 1248 promovendi
787 1184 858 1245 sunt,
908 1176 993 1232 mano
1007 1175 1139 1245 laborum,
1155 1177 1183 1231 in
1198 1193 1313 1250 quorum
1335 1187 1447 1251 utroque
1468 1180 1585 1237 maxime
1608 1196 1709 1237 curan·

55 1264 315 1338 qtriaacceptabiles
328 1265 445 1322 Domino
454 1282 509 1323 non
519 1273 590 1322 sunt.
600 1287 612 1316 r
622 1268 722 1324 Bovem
733 1273 859 1336 etovum,
888 1296 891 1307 ·
909 1265 974 1321 dum
989 1273 1072 1322 estne
1089 1266 1213 1323 «servile
1236 1283 1315 1340 opus,
1332 1268 1382 1323 »id
1393 1275 1435 1325 est
1442 1277 1554 1340 peccato
1563 1270 1711 1327 obnoxium

58 1369 125 1411 aure
140 1354 266 1429 etcauda
290 1355 444 1426 amputatis,
462 1374 475 1406 s
491 1362 519 1411 et
540 1353 589 1411 rel.
604 1356 706 1411 Aurem
726 1355 861 1412 abscisam
909 1352 1039 1411 facientes
1060 1355 1238 1411 inveniamur.
1263 1357 1292 1412 Si
1315 1356 1376 1428 quis
1396 1364 1486 1412 autem
1507 1357 1581 1414 circa
1605 1359 1710 1416 initium

58 1442 151 1509 babet,
165 1441 213 1516 qui
225 1442 387 1499 inobediens
398 1451 450 1511 est,
465 1442 510 1499 vel
523 1443 645 1499 auditum
664 1443 739 1499 verbi
753 1431 803 1500 Dei
815 1442 861 1500 iu·
908 1443 1047 1501 desidiose
1062 1445 1201 1516 torpuerit,
1212 1445 1239 1500 in
1250 1444 1303 1500 fine
1319 1445 1347 1500 in
1361 1445 1441 1501 honis
1462 1445 1577 1504 inveniri
1594 1447 1708 1506 laboret.

56 1531 106 1604 qit,
127 1531 311 1590 volvanarum
322 1548 411 1588 rerum
441 1533 531 1588 libens
550 1532 656 1588 auditor
676 1541 727 1589 εει.
742 1533 861 1589 caudam
912 1532 1009 1588 «Cum
1032 1533 1151 1607 ingressi
1173 1533 1281 1590 fueritis
1296 1542 1407 1602 terram,
1430 1556 1441 1586 ι
1466 1543 1493 1592 ει
1512 1536 1603 1608 reliq,
1619 1537 1647 1593 id
1669 1545 1712 1593 est

56 1621 186 1694 perdidit,
211 1620 257 1694 qui
281 1621 430 1678 novissima
453 1637 502 1676 sua
524 1621 676 1692 praevidere
697 1638 752 1678 non
775 1629 859 1678 curat.
909 1619 1005 1678 fideles
1018 1638 1082 1679 cum
1103 1623 1132 1679 iu
1146 1623 1274 1680 Ecclesia
1286 1623 1451 1692 moremini;
1470 1646 1482 1676 ι
1499 1633 1525 1681 ει
1540 1625 1710 1682 messueritis

60 1709 141 1767 'l'alcs
156 1710 314 1768 voluntarie
327 1710 420 1768 offerri
434 1717 558 1782 possunt,
575 1709 624 1766 sed
638 1718 731 1766 votum
745 1726 808 1768 cum
820 1712 860 1767 eis
873 1740 901 1801 Β
912 1718 1056 1783 segetem„
1073 1733 1084 1761 r
1102 1711 1130 1766 id
1145 1720 1186 1768 est
1199 1712 1315 1784 populos
1326 1713 1361 1768 ad
1369 1712 1557 1769 credelitatem
1569 1715 1710 1786 perduxe-

57 1798 128 1856 oolvi
144 1806 304 1872 neupotest,
318 1799 364 1872 qui
376 1798 602 1872 adpoenitentiam
619 1799 770 1855 instruendi
787 1807 859 1870 sunt,
912 1799 979 1867 ritis,
997 1799 1147 1872 dequibus
1167 1801 1300 1857 Dominus
1319 1801 1408 1857 dixit:
1428 1827 1439 1852 ι
1455 1802 1551 1858 Videte
1571 1804 1709 1877 regiones,

60 1895 90 1943 ut
116 1895 315 1960 convertantur,
349 1887 398 1945 sed
419 1896 508 1944 tamen
530 1887 557 1942 in
586 1887 774 1961 magisterium
806 1904 861 1944 nou
912 1888 973 1959 quia
988 1888 1057 1944 ulbae
1072 1896 1134 1944 sunt
1148 1888 1184 1944 ad
1192 1905 1321 1955 messem,
1336 1912 1346 1945 r
1362 1887 1482 1946 afferetis
1490 1891 1645 1964 manipulos
1659 1891 1713 1965 spi·

59 1976 238 2049 suscipiendi.
251 1999 263 2029 r
281 1977 369 2034 Omne
384 1977 486 2033 animal
498 1975 569 2048 quod
578 1977 700 2032 contritis
709 1975 754 2033 vel
776 1976 862 2033 tunsis
911 1992 1014 2045 carum,
1030 2000 1041 2032 r
1061 1986 1161 2033 coetum
1177 1978 1280 2034 scilicet
1295 1987 1452 2035 sauctorum
1462 1978 1490 2033 in
1504 1979 1643 2051 primitiva
1654 1980 1711 2038 Ec·

60 2065 104 2121 vel
121 2065 203 2123 sectis
217 2066 368 2139 ablatisque
386 2064 516 2122 testiculis
529 2074 580 2133 est,
599 2086 611 2116 r
627 2065 787 2138 etreliqua.
807 2067 861 2122 Te·
911 2065 1006 2134 clesia,
1023 2066 1097 2139 quod
1111 2076 1138 2123 et
1151 2066 1252 2123 tactum
1265 2075 1306 2122 est
1320 2067 1452 2139 appositis
1467 2067 1493 2123 in
1509 2085 1562 2123 una
1572 2068 1616 2124 die
1626 2069 1712 2127 tribus

57 2153 148 2210 sticuli
163 2163 282 2227 spectem
297 2155 443 2229 gignendae
461 2155 548 2226 prolis
578 2153 743 2226 significant,
759 2163 785 2211 et
800 2155 862 2212 ideo
910 2155 1032 2210 miDibus
1046 2155 1196 2212 animarum
1211 2164 1238 2213 et
1249 2156 1386 2212 alteradie
1401 2157 1530 2230 quinque.
1550 2156 1626 2226 «Qui
1641 2158 1712 2216 leva·

60 2243 151 2299 omnis
181 2243 227 2317 qui
250 2243 436 2302 infructuosus
462 2250 511 2311 est,
527 2243 555 2298 id
577 2250 618 2299 est
639 2258 752 2314 operum
777 2244 862 2300 bono-
910 2244 950 2301 bit
965 2244 1123 2302 fasciculum
1138 2261 1230 2301 coram
1245 2247 1373 2312 Domino,
1391 2272 1403 2296 ι
1419 2255 1445 2302 ει
1460 2247 1510 2303 rel.
1527 2245 1596 2315 Quia
1610 2262 1644 2303 eo
1659 2248 1711 2304 ad-

60 2346 183 2406 rumspe
196 2347 306 2402 vacuus,
329 2349 385 2390 non
404 2341 494 2405 potest
518 2331 636 2390 Domino
658 2347 720 2390 csse
737 2340 862 2406 accepta·
908 2335 1028 2405 juvante,
1044 2333 1072 2389 id
1093 2341 1136 2389 εει
1159 2334 1268 2389 Christo
1289 2335 1433 2391 sacerdote
1456 2349 1566 2408 magno,
1590 2333 1712 2393 fidelium

61 2419 134 2477 bilis.
910 2421 1012 2478 oblatio
1033 2424 1140 2478 estDeo
1154 2439 1205 2494 per
1227 2422 1327 2494 ipsum.
1357 2423 1477 2479 «Altero
1492 2425 1536 2480 die
1558 2424 1671 2480 Sabbati
1684 2433 1712 2482 et

100 2510 260 2567 ‹Demanu
284 2510 445 2586 alienigene
466 2528 521 2569 non
543 2511 663 2569 offeretis
690 2526 775 2583 panes
803 2510 862 2568 Deo
911 2510 1089 2568 sanctificabit
1110 2511 1197 2578 illum,
1214 2532 1224 2564 r
1244 2519 1271 2567 et
1292 2511 1372 2584 reliq.
1391 2512 1422 2567 ln
1443 2513 1642 2570 resurrectione
1663 2531 1712 2571 sun

58 2606 164 2667 vestro,
182 2621 194 2651 s
211 2607 238 2656 et
253 2600 366 2673 reliqua.
384 2601 412 2658 Si
422 2600 487 2673 quid
496 2602 595 2674 pagani
609 2601 734 2657 dederint
742 2599 775 2655 ad
795 2598 861 2656 offe·
911 2610 1068 2656 sanctorum
1087 2601 1219 2656 unitatem
1238 2601 1383 2672 copulavit.
1400 2601 1429 2657 Si
1453 2618 1519 2658 vcro
1542 2602 1711 2674 manipulum

60 2690 186 2757 rendum,
203 2704 258 2744 non
273 2697 315 2744 est
330 2688 528 2760 accipiendum.
553 2689 672 2746 Oramus
697 2697 787 2744 tamen
810 2701 862 2758 pro
912 2690 1010 2745 Christi
1025 2706 1134 2747 carnem
1151 2690 1191 2746 eis
1206 2690 1368 2763 intelligere,
1382 2690 1455 2748 unde
1469 2692 1636 2764 nobispanis
1650 2692 1712 2751 vitre

62 2777 270 2834 catechumenis
284 2787 311 2834 et
329 2779 508 2835 conversione
533 2778 683 2835 infidelium
701 2796 708 2834 :
733 2785 863 2834 caetcmm
911 2778 1080 2834 ministratur
1095 2780 1163 2839 alter
1181 2780 1240 2836 dies
1250 2780 1385 2852 passionis
1399 2788 1489 2852 potest
1502 2783 1616 2857 intelligi
1633 2801 1640 2838 :
1656 2797 1712 2839 uno

66 2865 91 2922 si
104 2866 133 2922 in
149 2882 245 2923 errore
259 2868 409 2939 persistere
424 2867 570 2938 voluerint,
587 2876 651 2925 vota
673 2883 769 2923 eorum
782 2866 862 2921 dete·
912 2867 984 2924 enim
999 2868 1044 2924 die
1058 2868 1199 2940 mysticam
1214 2884 1320 2925 coeuam
1334 2869 1492 2936 celebravit,
1508 2872 1593 2928 altero
1612 2888 1711 2945 corpus

59 2955 174 3011 stabilia
183 2964 260 3011 sunt.
277 2957 363 3026 «Bos,
380 2956 472 3012 oviset
488 2971 640 3028 capracum
656 2956 748 3029 genita
762 2954 866 3010 luurint
912 2957 941 3012 in
957 2956 1046 3013 crucis
1065 2958 1264 3016 consummavit
1286 2959 1420 3031 supplicio
1434 2960 1540 3016 oblatus
1554 2978 1603 3033 pro
1618 2962 1708 3018 uobis.

61 3052 168 3116 septem
187 3045 283 3101 diebus
297 3053 377 3102 erunt
396 3046 448 3102 sub
462 3046 548 3101 ubere
562 3046 659 3102 matris
683 3061 752 3101 sum.
773 3065 785 3095 r
799 3043 862 3099 Sive
915 3065 928 3098 e
942 3047 973 3100 ln
987 3046 1084 3102 eodem
1098 3046 1143 3103 die
1158 3063 1212 3118 quo
1219 3046 1375 3119 manipulus
1389 3058 1577 3118 consecratur,
1591 3051 1710 3108 cauetur

59 3131 150 3203 tortis,
167 3133 225 3190 sive
240 3134 381 3201 innocens,
397 3135 455 3190 sive
468 3135 606 3207 poenitens
625 3135 652 3189 in
668 3135 720 3190 hoe
739 3104 897 3204 ternporeC
912 3150 1000 3208 agnus
1014 3135 1215 3203 immaculatus,
1228 3163 1240 3187 ι
1253 3137 1281 3192 id
1300 3146 1351 3205 est,
1362 3139 1471 3210 quando
1484 3139 1609 3195 Christus
1623 3141 1650 3196 in
1662 3155 1710 3196 ara

57 3223 216 3280 meminerit
237 3240 267 3279 se
283 3225 334 3279 suh
348 3223 495 3298 fragilitate
520 3233 623 3280 naturae
640 3223 787 3279 detentum.
809 3221 859 3277 Die
909 3224 1000 3280 crucis
1020 3223 1174 3280 immolatus
1202 3234 1254 3294 est,
1278 3226 1443 3284 sanctificata
1463 3235 1506 3283 est
1529 3228 1556 3283 in
1579 3230 1710 3302 sanguine
1744 3241 1746 3245 ⁴

59 3319 153 3368 autem
169 3320 276 3381 octavo,
294 3320 358 3382 ειε.,
375 3313 403 3368 id
415 3322 466 3382 est,
482 3314 510 3368 in
525 3314 569 3368 die
584 3311 791 3368 resurrectionis
802 3311 859 3381 jam
909 3311 1008 3367 Christi
1022 3313 1112 3369 unitas
1129 3312 1258 3370 fidelium.
1278 3338 1289 3361 ι
1308 3316 1463 3371 libamenta
1486 3317 1637 3374 offerentur
1647 3334 1710 3376 cum

58 3401 265 3458 immortalitate
279 3410 399 3475 recepta,
417 3402 468 3459 soli
493 3404 552 3458 Deo
563 3402 623 3458 sine
637 3401 789 3458 deiectione
800 3416 860 3455 ser·
909 3416 953 3469 eo,
970 3420 983 3455 r
1001 3401 1029 3457 id
1048 3409 1099 3469 est,
1116 3419 1149 3458 eo
1163 3419 1245 3474 passo
1259 3404 1447 3474 profluxerunt
1462 3423 1495 3460 ex
1517 3406 1600 3462 latere
1620 3423 1710 3464 secra·

58 3490 134 3546 vient
147 3490 235 3546 electi.
250 3513 262 3543 r
280 3490 342 3547 Sive
357 3491 402 3547 ille
417 3492 477 3559 bos,
494 3492 552 3549 sive
568 3491 681 3547 illaovis
696 3506 752 3546 non
766 3489 860 3544 immo·
908 3493 1000 3542 menta
1022 3487 1216 3559 redemptionis
1244 3497 1356 3544 uostrae.
1380 3515 1392 3539 ι
1416 3490 1484 3546 Duae
1507 3491 1621 3548 decima
1649 3494 1711 3551 oleo

56 3578 189 3634 labuntur
201 3595 254 3635 una
269 3579 313 3635 die
328 3595 389 3637 cnm
401 3581 501 3636 letibus
516 3580 582 3648 suis,
603 3579 654 3635 »id
669 3587 710 3635 est
719 3594 780 3635 curn
789 3577 859 3650 legis
909 3589 1094 3646 conspersam»
1114 3583 1140 3630 et
1153 3576 1267 3647 reliqua.
1284 3577 1404 3632 Decimae
1420 3577 1573 3648 significant
1590 3581 1712 3652 comple-

56 3668 252 3741 snperstitioue
266 3678 292 3726 et
315 3678 450 3726 vetustate
465 3668 608 3741 Evangelii
632 3668 781 3724 novitatem
802 3682 858 3722 non
909 3663 1010 3718 tionem
1024 3664 1104 3736 legis.
1121 3665 1189 3720 Duae
1204 3681 1281 3732 vero,
1297 3665 1351 3721 duo
1363 3665 1548 3735 Testamenta,
1560 3667 1605 3725 vel
1618 3669 1710 3742 legem

56 3758 270 3816 observandum.
290 3760 331 3816 De
354 3759 444 3815 hostia
459 3760 556 3814 eadem
577 3758 748 3814 comedenda
776 3771 858 3828 supra
909 3760 936 3808 et
949 3753 1106 3824 prophetas,
1124 3752 1153 3807 in
1168 3753 1267 3826 quibus
1282 3753 1505 3811 manifestissime
1521 3757 1556 3812 de
1580 3757 1709 3828 passione

58 3847 163 3905 dictum
186 3855 237 3904 εει.
264 3869 276 3900 t
300 3849 388 3903 Eduxi
408 3849 528 3903 deterre
554 3847 672 3919 Egypti,
699 3868 710 3897 r
734 3845 858 3902 Christus
908 3840 1017 3897 Domini
1032 3841 1218 3898 annuntiatur.
1239 3843 1296 3897 rln
1310 3843 1425 3899 odorem
1448 3844 1631 3901 suavissimun
1651 3847 1709 3902 Do·

59 3940 141 3993 etlam
154 3936 279 3993 liberavit
292 3953 345 3992 nos
355 3938 389 3993 de
404 3938 504 3993 diaboli
522 3936 669 4009 potestate.
687 3957 698 3987 r
716 3937 776 4007 Ego
799 3935 859 3991 Do·
908 3929 992 3986 mino.
1009 3954 1020 3986 r
1039 3929 1116 4003 Opus
1130 3931 1203 3987 enim
1221 3932 1409 4004 gratissimum
1436 3933 1509 3989 Patri
1529 3935 1602 4007 quod
1625 3933 1709 3991 Filius

58 4027 161 4093 minus,
177 4047 190 4078 ι
206 4026 269 4082 ideo
283 4026 319 4082 ad
334 4026 441 4100 singula
456 4027 596 4101 subjungit
618 4023 858 4083 commemoratio-
908 4019 1018 4092 agebat.
1036 4019 1132 4076 «Liba
1147 4036 1257 4093 quoque
1279 4021 1344 4089 vini,
1361 4030 1458 4095 quarta
1472 4040 1538 4095 pars
1554 4024 1611 4081 hin.
1633 4045 1647 4077 a
1663 4025 1710 4081 vi-

56 4132 121 4171 nem
136 4115 179 4171 sui
196 4115 323 4182 nominis,
339 4124 369 4172 ut
383 4124 513 4173 terrorem
533 4116 574 4172 eis
588 4116 722 4172 incuteret
736 4130 786 4170 nec
797 4129 859 4186 pee-
908 4126 973 4164 num
988 4109 1112 4165 doctrina
1127 4118 1169 4165 est
1183 4110 1332 4182 spiritualis
1348 4129 1355 4166 :
1372 4120 1469 4183 quarta
1496 4129 1562 4185 pars
1576 4114 1623 4168 hin
1638 4113 1709 4171 dici-

56 4212 160 4271 carent,
177 4213 205 4260 et
218 4205 392 4262 dilectionem
407 4206 550 4275 insereret,
568 4213 596 4262 ut
612 4221 660 4261 eos
671 4203 858 4260 suamaudata
908 4205 962 4264 tur,
979 4198 1041 4269 quia
1056 4199 1084 4253 in
1098 4199 1213 4272 singulis
1236 4201 1448 4273 Evangeliorum
1469 4202 1546 4258 libris
1569 4203 1710 4275 plenitudo

57 4293 229 4367 diligentius,
246 4294 346 4352 intueri
361 4295 481 4353 doceret,
908 4287 1202 4359 sapientioeinvenitur.
1219 4309 1230 4342 r
1245 4290 1345 4346 Panem
1356 4299 1382 4346 et
1398 4292 1536 4363 polentam
1546 4299 1572 4347 et
1581 4292 1680 4363 pultes,
1695 4311 1707 4344 ε

909 4383 936 4431 ει
950 4376 1013 4444 rel,
1030 4377 1057 4432 id
1072 4378 1155 4432 estin
1170 4378 1243 4433 illam
1258 4379 1357 4435 animae
1372 4388 1425 4435 tuae
1450 4381 1573 4453 requiem
1596 4396 1711 4452 praepn·

339 4509 453 4567 CAPUT
468 4509 562 4565 xxm
872 4469 969 4532 Drare
985 4466 1092 4523 coneris
1108 4475 1254 4539 antequam
1269 4469 1339 4525 scias
1362 4467 1417 4524 fide
1432 4470 1490 4539 ejus
1513 4469 1710 4542 redemptionis

564 4551 571 4564 '
913 4554 1058 4611 initiatum.
1080 4556 1281 4612 ‹Numerabilis
1295 4558 1404 4628 ergoad
1418 4557 1503 4613 altera
1512 4558 1556 4615 die
1566 4559 1707 4629 sabboti„

906 4651 933 4699 ει
947 4644 1026 4716 reliq.
1043 4644 1194 4716 hlanipulus
1210 4661 1277 4718 ergo
1293 4646 1400 4701 ablatus
1415 4655 1457 4702 εει
1470 4655 1497 4702 ει
1512 4647 1708 4719 sanctificatus,

55 4771 85 4829 id
100 4779 142 4830 est
157 4771 312 4828 vacationes
326 4771 362 4826 ad
377 4771 506 4844 operibus
520 4771 600 4826 malis
611 4787 671 4842 ΨΜ
691 4793 701 4821 ι
715 4767 824 4826 Domini
841 4789 853 4819 ‚
906 4741 935 4787 ut
949 4734 1084 4805 Josepbus
1098 4742 1221 4802 testatur,
1238 4743 1316 4790 sexta
1333 4735 1439 4791 decima
1454 4736 1516 4792 luna
1532 4753 1623 4804 ;nunc
1641 4756 1708 4796 vero

54 4861 193 4930 dicuntur,
215 4860 276 4934 quja
297 4861 406 4917 Domini
429 4861 542 4932 implent
566 4860 742 4916 voluntatem·
766 4880 778 4910 κ
802 4859 857 4914 Sex
906 4822 1013 4879 videtur
1026 4823 1217 4922 Praecipeieii
1231 4832 1355 4880 numeret
1369 4840 1386 4880 a
1400 4826 1494 4898 quinta
1511 4827 1616 4884 decima
1631 4828 1705 4929 luna,

54 4950 154 5006 diebus
168 4948 258 5006 iacitis
270 4966 349 5022 opus,
368 4972 379 5000 r
399 4958 452 5007 etc.
470 4948 595 5006 Ostendit
617 4949 645 5004 iu
659 4948 712 5004 hac
736 4948 790 5003 vita
804 4946 857 5019 piis
907 4911 1015 4984 quand⁰
1029 4928 1096 4982 ¹⁹⁸ae
1110 4921 1235 4983 pmmnae
1250 4912 1349 4982 ΝΜ·
1365 4931 1416 4971 ¹¹⁹⁰
1436 4924 1528 4972 ‘amen
1543 4926 1605 4971 ⁸⁰⁰¹
1619 4933 1707 4974 ΜΠ·

53 5038 198 5096 laboribus
224 5038 412 5109 insistendum,
438 5040 501 5112 quia
516 5047 658 5110 postquam
679 5036 714 5092 ad
734 5035 858 5109 requiem
907 4999 1227 5101 ficiosanctificatmdlos
1240 5011 1329 5058 autern
1344 5004 1400 5059 «eh
1410 5004 1496 5062 altero
1506 5006 1550 5062 die
1561 5007 1707 5076 Sabbati,n

53 5136 167 5186 ventum
181 5127 271 5200 tuerit,
283 5129 341 5199 jam
356 5129 489 5201 operandi
504 5136 611 5200 tempus
631 5143 685 5183 non
700 5126 761 5182 erit.
786 5127 858 5180 Bene
907 5089 935 5144 ιὰ
950 5097 1213 5190 θδῖωωωοωθ,
1224 5107 1400 5192 ”metimus
1414 5093 1598 5195 plpraiimem
1623 5097 1707 5198 (μῆρ’

54 5225 146 5275 autem
168 5216 244 5286 dicit,
261 5239 273 5269 r
298 5218 328 5275 in
351 5218 456 5275 cunctis
477 5215 693 5274 habitationibus
716 5214 856 5281 vestris»
909 5194 1084 5250 quagenffiae
1100 5180 1297 5236 ⁵⁰l⁹¹¹¹¹¹¹²³²¹⁵²
1313 5191 1383 5239 Μ
1405 5199 1478 5239 emm
1492 5202 1520 5240 ¹¹¹
1535 5193 1628 5243 “¹⁰¹¹oe
1643 5186 1710 5244 3¹⁰⁸

54 5307 119 5380 quia
134 5306 163 5362 in
178 5305 268 5362 lutura
282 5305 334 5362 vita
350 5315 391 5362 εει
405 5307 521 5377 mansio,
537 5305 565 5361 in
582 5304 709 5378 praescnti
734 5301 859 5375 peregri·
909 5275 1075 5375 ⁸prae⁸fn¹⁰
1090 5269 1286 5343 D⁰min⁰¹⁰gi⁸
1296 5270 1398 5328 indicia
1419 5272 1570 5348 [simmia]
1585 5274 1708 5331 nmmum

52 5395 139 5452 natio.
158 5394 269 5451 «Mense
284 5395 372 5466 primo
382 5403 473 5467 quarta
484 5393 644 5450 decimadie
654 5391 766 5461 mensis,
779 5413 791 5443 ι
804 5397 857 5447 ειε.
909 5373 1064 5437 ⁰⁰⁰⁸⁰¹⁸¹P²³
1078 5366 1180 5439 P⁰P¹¹¹⁰
1205 5368 1392 5440 Hebrfflmmr
1415 5370 1459 5427 die
1482 5373 1708 5447 (luin‘llstitlisma

51 5483 84 5540 ln
108 5492 233 5555 tempore
259 5483 394 5555 passionis
417 5483 528 5549 Christi,
548 5482 653 5538 initium
675 5482 749 5538 enim
770 5479 859 5537 omnis
909 5473 1053 5537 postqunm
1068 5467 1174 5539 egressi
1189 5475 1295 5524 sunm
1309 5469 1435 5543 AEgypto,
1451 5478 1602 5529 m⁰¹1⁸lr⁸i³
1616 5477 1678 5526 Slffli
1699 5486 1706 5524 ²

52 5573 271 5630 conversationis
300 5581 402 5629 nostrae
426 5573 588 5644 redemptio.
612 5571 692 5641 Quod
726 5593 738 5622 r
765 5576 860 5642 quarta
910 5562 950 5619 tic
964 5561 1090 5618 fidelibus
1104 5571 1165 5634 post
1179 5565 1396 5638 redemptionem
1412 5566 1638 5641 quinquagesima
1663 5565 1708 5622 die

53 5661 164 5722 decima
177 5662 223 5720 die
237 5661 351 5736 phase»
369 5661 435 5720 dicit
447 5662 584 5736 agendum
599 5661 628 5720 in
643 5658 860 5734 quintadecima
909 5658 1025 5732 Spirieus
1038 5662 1125 5720 εεεειι
1140 5663 1230 5737 qratia
1244 5663 1280 5722 de
1293 5665 1373 5724 coelis
1385 5664 1491 5723 directa
1512 5669 1565 5721 ost.
1583 5680 1596 5716 ι
1613 5661 1707 5736 Doque

86 4702 98 4735 ι
115 4682 165 4739 Em
179 4688 242 4737 sunt
256 4681 331 4738 leriae
345 4682 464 4749 Domini,
479 4698 545 4754 quas
560 4680 693 4739 vocabitis
704 4687 821 4748 sanctas,
841 4698 852 4728 ι
