3772 6112
174 242 225 301 ibt

488 238 691 297 wehtrnmt
705 237 827 297 srutttt
842 237 944 296 ruth.
959 237 1047 296 ΜΘΝ.
1063 236 1140 295 ΟΡΡ.
1151 236 1240 295 PARS
1254 238 1276 293 t.
1289 266 1324 281 -
1333 235 1570 296 remoueatur.

1778 245 1837 301 ata

216 367 303 423 Vnus.
329 368 373 421 35.
397 394 432 408 -
454 364 577 422 Gladius.
603 365 715 437 (Bran.)
733 364 819 422 Dolor
832 363 983 420 Dominioae
992 368 1021 432 Α
1034 362 1207 434 importunos
1221 362 1351 436 cogitatu,
1376 362 1553 436 repellamus,
1569 370 1597 421 et
1617 362 1686 422 alios
1701 364 1844 425 instruere

180 454 326 537 passionis,
342 461 406 524 ete,
421 454 552 528 usquead
562 453 662 509 zizania
671 453 827 527 germinare
837 452 981 524 conspicit.

218 551 440 609 dereputetur.
456 551 527 606 Ante
543 558 602 606 erat
615 550 751 606 incertum
766 548 813 622 qni
827 549 984 605 ludaeorum

181 638 282 696 Christi
305 638 424 713 gratiam
448 639 612 710 reciperent,
633 638 680 710 qui
703 644 912 709 conspuerent:
936 635 985 691 sed

181 726 274 784 audita
287 727 425 785 nativitate
445 727 600 783 revelantur
614 725 803 800 cogitationes,
821 732 847 780 ot
861 723 985 780 Herodes

181 824 208 873 et
223 815 269 871 alii
290 816 442 885 turbantur,
468 814 579 888 quiderm
601 816 636 871 ad
664 814 765 872 Christi
796 811 985 886 magisterium

181 902 326 962 accedunt.

216 1020 301 1075 Vnus.
319 1021 364 1074 36.
380 1046 416 1060 -
430 1019 465 1074 nt
479 1023 542 1075 orat
556 1019 650 1087 duaa,
668 1025 720 1075 eto.
738 1016 809 1087 Quia
831 1033 883 1089 per
898 1016 986 1073 virum

180 1115 208 1166 et
222 1108 367 1164 mulierem
381 1106 436 1165 vita
455 1106 538 1162 totius
558 1107 653 1163 mnndi
676 1107 785 1179 perdita
800 1114 850 1176 est,
866 1106 896 1160 in
909 1105 986 1161 testi-

180 1196 273 1253 monio
288 1196 351 1253 vitm
365 1212 416 1268 per
431 1195 570 1251 Christum
584 1196 725 1251 redeuntis
740 1198 817 1250 Anna
841 1193 986 1266 conjungi-

179 1292 225 1341 tur
235 1285 366 1342 Simeoni.
378 1284 510 1341 Convenit
519 1284 658 1356 mysteriis
667 1284 809 1352 Ecclesia,
822 1283 896 1355 quod
908 1285 987 1338 Anna

181 1373 271 1448 gratia
285 1374 490 1445 interpretatur,
508 1390 569 1445 qum
584 1380 625 1428 est
640 1372 694 1428 tha
704 1370 834 1439 Phanuel,
847 1370 893 1443 qui
904 1366 988 1426 iacies

180 1462 232 1519 Dei
246 1462 356 1531 dieitur,
378 1462 451 1518 unde
476 1478 557 1534 supra
576 1480 582 1517 :
598 1463 747 1534 Siqualum
770 1463 814 1516 est
836 1475 922 1531 super
935 1475 988 1516 uos

182 1559 280 1616 lumea
293 1552 389 1608 vultus
401 1553 455 1619 lui,
467 1551 674 1622 Domi-raedam.
691 1551 740 1621 rr).
756 1550 795 1605 lle
811 1549 887 1604 tribu
906 1548 985 1604 Aser·

215 1647 246 1704 Id
262 1655 304 1704 est
318 1647 398 1717 beati,
416 1648 567 1716 deseendit,
584 1647 631 1719 qui
645 1645 716 1701 inter
738 1644 885 1701 duodecim
899 1643 984 1716 putri·

180 1737 279 1793 arehas
294 1737 391 1793 ordine
405 1737 536 1793 nascendi
550 1742 662 1792 octavus
676 1741 727 1804 est,
751 1741 865 1808 propter
879 1722 1019 1805 myas-B
1073 1702 1159 1758 vm·

179 1825 251 1881 rium
279 1825 499 1881 resurrectionis.
533 1823 659 1897 Quinque
683 1831 745 1878 sunt
768 1825 864 1878 Anna.
891 1821 981 1876 Prima

180 1920 270 1970 mater
292 1915 410 1983 Samuel,
438 1914 559 1970 secunde
586 1928 656 1968 uror
670 1913 784 1984 Ragrrel,
800 1910 879 1965 tortia
894 1917 982 1965 mater

179 2002 282 2070 Tobiae,
299 2011 395 2075 quarta
410 2001 465 2058 filia
479 2001 611 2070 Phanuel,
629 2001 720 2073 quinta
729 1999 925 2056 Materhiariae.

215 2103 394 2158 Processerat
408 2102 439 2156 lu
463 2099 569 2157 diebus.
596 2097 706 2170 (bans.)
728 2097 808 2152 Juxta
827 2096 978 2165 historiam,

180 2191 268 2260 Anna,
286 2197 313 2245 et
328 2189 434 2245 devota
448 2187 676 2256 conversationis,
694 2194 758 2256 eto,
770 2202 857 2260 usque
867 2187 904 2241 ad
913 2184 981 2241 mul-

179 2278 335 2351 tiphoantur
348 2285 462 2351 propter
476 2277 655 2348 apostolieum
666 2275 829 2332 doctrinam.

217 2376 302 2433 Vnus,
318 2379 361 2431 38.
378 2406 413 2416 -
435 2375 570 2431 Omnibus
595 2376 652 2448 qul,
670 2380 723 2429 ete.
740 2372 875 2429 Omnibus
890 2369 977 2426 fideli-

179 2464 230 2521 bus
245 2465 291 2538 qui
302 2465 370 2537 jugo
385 2463 503 2520 Herodis
518 2463 679 2537 alienigena
695 2461 810 2535 gravati,
834 2459 979 2516 liberatio·
1002 2462 1009 2473 '

179 2569 243 2610 nem
266 2553 382 2610 civitatis
401 2561 428 2608 et
450 2553 544 2624 populi
569 2552 773 2623 exspectabant,
803 2548 980 2621 promittebat

180 2658 231 2714 per
245 2642 391 2698 adventum
416 2641 516 2697 Christi
541 2641 569 2696 in
593 2640 718 2713 proximo
732 2637 980 2709 redemptionema

180 2729 325 2803 tyrannide
340 2729 430 2784 alieni.

216 2834 303 2892 Vnus.
325 2837 369 2890 ttl.
387 2837 508 2890 -Puer
536 2838 644 2891 autem.
670 2831 781 2904 (Bran.)
806 2832 836 2886 ln
851 2846 884 2887 eo
906 2830 979 2903 quod

180 2940 249 2998 puer
263 2931 331 2993 erat,
348 2932 412 2993 eto,
429 2939 516 2997 usque
539 2923 575 2980 ad
589 2923 672 2979 homo
686 2919 747 2978 fieri
762 2919 899 2993 coepisset,
916 2934 980 2990 per·

180 3011 267 3070 leotus
282 3019 355 3070 esset
368 3021 396 3068 ut
415 3013 499 3069 Deus.

217 3119 303 3175 Vnus.
319 3120 363 3174 11.
380 3148 414 3160 -
428 3120 463 3174 at
478 3118 557 3174 ibant
575 3121 718 3190 parentes,
736 3123 788 3171 eto.
805 3086 1021 3188 (11).)1111111Ο

180 3207 267 3264 Lucas
280 3207 353 3262 inter
369 3215 466 3278 quator
480 3205 608 3261 animalia
622 3206 706 3262 vitulo
716 3211 899 3277 eomparatur,
916 3211 980 3271 ete,

180 3296 313 3369 usquead
329 3295 478 3367 discipulos
498 3294 606 3351 Domini
630 3295 657 3349 in
680 3296 782 3367 templo
797 3294 939 3350 laudantes
953 3292 982 3348 in

181 3382 234 3441 fine
249 3384 394 3458 Evangelii
412 3385 453 3440 sui
477 3383 624 3441 concludit.

217 3500 302 3557 Vnus.
320 3499 365 3556 te.
381 3528 415 3542 -·
430 3502 466 3555 ht
487 3516 545 3558 uon
568 3501 757 3556 inuenientes.
775 3496 841 3570 (In.)
857 3496 885 3554 Si
900 3511 980 3568 quoe·

179 3587 250 3647 ritur
264 3589 402 3662 quomodo
416 3589 534 3661 potuita
557 3588 715 3661 parentibus
730 3585 917 3643 obliviscendo
932 3601 980 3643 re·

180 3677 350 3750 linqui,eto.,
368 3678 501 3753 usquead
516 3693 578 3734 eum
594 3677 681 3735 altero
692 3684 807 3750 parente
826 3690 978 3732 reversum.

215 3795 301 3852 Vsus.
312 3798 357 3852 16.
366 3824 400 3837 -
410 3795 443 3852 lu
452 3795 543 3852 medio
555 3794 621 3867 (ln.)
629 3793 713 3864 Quasi
719 3792 789 3861 sons,
801 3789 908 3847 medius
918 3789 981 3844 doo-

179 3891 270 3940 torum
285 3884 372 3953 sedet,
390 3883 440 3940 sed
459 3883 537 3955 quasi
557 3883 697 3955 exemplar
718 3879 886 3948 humilitatis,
903 3877 980 3951 prius

179 3971 331 4044 interrogat
345 3978 373 4027 et
386 3970 462 4026 audit
485 3986 567 4042 quam
590 3971 714 4039 instruat,
731 3986 766 4025 ne
789 3967 895 4042 parvuli
909 3982 925 4023 a
939 3982 981 4022 se·

180 4058 303 4115 nioribns
321 4058 415 4115 doceri
433 4059 655 4126 erubescentes
677 4057 802 4115 infirmus
817 4058 917 4115 dooere
931 4071 979 4111 au·

179 4147 252 4205 dest.

213 4261 299 4319 Vnus,
311 4265 355 4319 19.
366 4289 401 4304 —
413 4260 536 4331 11111111
554 4261 626 4335 quod
640 4277 684 4317 ma
707 4263 897 4335 quaerebatis?
912 4263 978 4335 (In.)

178 4354 241 4411 Non
255 4352 329 4425 quod
344 4366 406 4408 eum
416 4349 493 4423 quasi
512 4348 597 4406 hlium
621 4358 746 4422 quarunt
768 4351 912 4425 vituperat,
929 4352 979 4408 sed

1034 451 1201 507 laboremus.

1070 542 1156 596 Vens,
1172 542 1217 597 sa.
1233 569 1267 580 -
1282 541 1447 610 Proficielat
1467 542 1620 615 sapientia.
1636 542 1752 614 (Bana.)
1765 543 1842 602 Siout

1035 635 1076 684 est
1091 627 1181 683 earnis
1201 635 1279 685 estate
1298 627 1443 700 profitere,
1470 637 1536 699 ete,
1560 646 1648 704 atque
1662 632 1700 688 ad
1724 639 1841 707 utraque

1035 716 1138 789 pariter
1148 715 1308 773 salvaretur.

1347 849 1460 908 CAPUT
1483 850 1530 906 111.

1073 993 1158 1049 Vnus.
1174 996 1202 1051 2.
1219 1022 1253 1034 -
1267 994 1387 1049 Factam
1422 998 1465 1049 ert
1489 994 1613 1063 uerbum,
1643 1004 1698 1054 ete.
1730 996 1843 1071 (sm.)

1037 1081 1262 1155 congregaturus
1275 1079 1437 1150 Ecclesiam,
1453 1082 1504 1139 Dei
1518 1081 1590 1139 tilius
1603 1084 1726 1156 primum
1740 1101 1842 1158 opera-

1037 1177 1082 1225 tur
1095 1171 1123 1225 in
1137 1171 1257 1239 servulo,
1273 1177 1338 1238 ete,
1355 1186 1444 1244 usqua
1456 1171 1493 1227 ad
1507 1187 1592 1229 unum
1605 1172 1700 1246 itaque
1715 1173 1797 1244 dixit,
1813 1183 1840 1231 11

1037 1259 1127 1315 omnia
1146 1258 1303 1316 declararit.

1073 1348 1159 1404 Vnus.
1175 1352 1201 1403 3.
1217 1378 1252 1389 -
1265 1347 1426 1405 Praedleaus
1455 1349 1626 1421 baptismam
1651 1352 1839 1424 penitentiae,

1037 1444 1091 1493 ete.
1107 1436 1173 1508 (ln.)
1187 1437 1305 1492 loannes
1315 1436 1480 1507 baptismum
1488 1436 1656 1508 poenitentiae
1669 1440 1840 1513 predicavit,

1037 1532 1065 1580 et
1080 1525 1242 1597 quibusdam
1257 1525 1338 1580 etiam
1354 1524 1439 1593 dedit,
1455 1533 1520 1594 eta,
1535 1541 1624 1600 arque
1638 1527 1676 1584 ad
1689 1543 1842 1601 praseurre

1038 1620 1082 1668 tur
1097 1630 1146 1668 sno
1160 1614 1321 1684 baptismate
1336 1629 1391 1685 quo
1404 1621 1518 1686 peraeta
1532 1614 1602 1670 solvi
1616 1631 1671 1672 non
1686 1627 1816 1688 possunt.

1176 1704 1202 1758 t.
1218 1733 1253 1742 -
1271 1704 1326 1759 l'oa
1349 1703 1512 1758 clamantis.
1528 1703 1602 1773 Vox,
1628 1705 1693 1776 quia
1706 1723 1840 1778 praenun-

1032 1791 1087 1846 tius
1101 1791 1188 1846 veriti.
1214 1791 1247 1846 ln
1271 1791 1389 1847 deserto.
1416 1788 1486 1860 Quia
1510 1791 1628 1849 desertas
1652 1801 1680 1849 et
1700 1795 1840 1853 destituta

1029 1880 1133 1935 ludam
1155 1878 1282 1934 solatium
1319 1878 1517 1951 redemptionis
1549 1881 1701 1937 annuntiat.
1725 1884 1842 1940 Nullum

1030 1968 1145 2024 verbum
1161 1967 1220 2023 sine
1235 1981 1303 2024 vote
1317 1967 1436 2035 auditur,
1452 1983 1504 2024 neo
1517 1984 1570 2025 vox
1590 1969 1651 2026 sine
1665 1971 1744 2027 verbi
1759 1971 1840 2028 intel·

1029 2055 1141 2128 ligantia
1156 2056 1237 2112 valet.
1255 2059 1360 2112 Parate
1374 2057 1450 2113 viam
1466 2058 1589 2125 Domini,
1616 2066 1669 2116 ete.
1687 2057 1744 2129 Qui
1757 2058 1840 2118 iidem

1030 2153 1058 2201 et
1072 2145 1142 2199 bona
1156 2160 1241 2217 opera
1261 2145 1401 2216 praeditat,
1427 2143 1493 2216 quid
1513 2145 1587 2202 aliud
1610 2162 1695 2219 quem
1716 2143 1840 2206 venienti

1030 2233 1173 2289 Domino?
1187 2233 1221 2288 ad
1237 2234 1320 2289 eorda
1345 2232 1514 2289 audientium
1542 2235 1614 2290 riam
1628 2243 1719 2307 perat,
1736 2239 1841 2295 uther

1029 2322 1071 2378 ris
1086 2321 1181 2395 gratiae
1209 2321 1335 2388 illustret,
1351 2328 1380 2376 ut
1408 2329 1498 2377 rectas
1526 2322 1585 2379 Deo
1614 2324 1728 2380 semitas
1742 2324 1834 2395 faeiat,

1030 2410 1095 2467 dum
1109 2411 1225 2466 mundas
1239 2409 1418 2483 cogitationes
1432 2409 1462 2464 iu
1475 2409 1567 2467 animo
1595 2428 1647 2484 per
1675 2429 1837 2472 sennonem

1028 2499 1229 2571 praedicationis
1243 2498 1351 2554 format.

1061 2589 1146 2643 Vnus.
1163 2591 1189 2642 tt.
1206 2618 1241 2630 -
1255 2589 1290 2643 nt
1305 2591 1498 2661 eruutprara.
1510 2588 1622 2661 (amr.)
1632 2590 1731 2658 Prara,
1742 2589 1833 2661 idest,

1028 2677 1165 2732 malorum
1179 2676 1262 2732 eorda
1276 2693 1327 2747 per
1339 2675 1498 2745 injustitiam
1512 2676 1627 2735 distorta
1656 2679 1690 2735 ad
1705 2679 1835 2754 regulam

1026 2765 1139 2835 justitiae
1154 2765 1316 2838 dirigentur.
1532 2776 1536 2786 “

1065 2854 1151 2909 Vnus.
1168 2858 1193 2908 6.
1211 2884 1245 2895 -
1259 2855 1295 2909 st
1309 2853 1422 2912 videbit.
1445 2854 1512 2927 (ln.)
1534 2855 1565 2910 In
1588 2854 1640 2912 hae
1665 2854 1722 2912 vita
1746 2857 1837 2914 omnis

1029 2943 1111 3000 homo
1126 2942 1263 2998 Christum
1278 2942 1374 2998 ridere
1388 2958 1443 2998 non
1456 2942 1553 3016 potuit,
1567 2944 1616 3000 sed
1631 2942 1661 2999 in
1670 2943 1834 3016 diejudioii,

1030 3030 1059 3086 in
1074 3031 1139 3088 sede
1155 3030 1305 3100 majestatis
1319 3039 1346 3086 et
1361 3030 1441 3087 electi
1455 3039 1482 3087 et
1509 3031 1620 3105 reprobi
1634 3032 1742 3105 pariter
1756 3033 1836 3092 vide-

1032 3120 1108 3187 bunt,
1125 3128 1154 3174 ut
1173 3118 1240 3188 justi
1267 3126 1487 3188 remunerentur,
1508 3128 1535 3176 et
1562 3120 1627 3177 mali
1641 3121 1670 3178 in
1699 3129 1834 3181 aeternum

1031 3216 1152 3282 gemant.
1167 3207 1245 3264 Unde
1260 3216 1286 3262 11
1301 3208 1427 3264 subditur
1442 3226 1449 3263 :

1067 3296 1152 3352 Vnus.
1168 3298 1195 3352 7.
1211 3326 1246 3337 -
1261 3297 1328 3364 Quis
1341 3296 1476 3365 ostendit,
1494 3297 1574 3354 eta?
1589 3298 1708 3371 (Anne.)
1720 3297 1791 3371 Quis
1803 3316 1836 3358 os

1031 3384 1116 3441 tendit
1129 3384 1157 3439 in
1184 3384 1328 3457 prudentia
1354 3384 1530 3443 miseratione
1563 3385 1615 3444 Dei
1639 3385 1742 3459 inlusa,
1758 3389 1837 3447 etet

1029 3489 1117 3547 usqua
1131 3474 1168 3530 ad
1182 3474 1312 3545 quemad
1326 3482 1423 3548 gentes
1439 3473 1659 3532 transferendam
1674 3477 1832 3551 prophetat.

1066 3564 1151 3618 Vens.
1170 3564 1392 3621 s.-atcoentm
1403 3564 1489 3620 vobis.
1506 3562 1837 3636 (In.)Quiemissosensu

1029 3650 1153 3720 rationis,
1171 3658 1236 3718 eto,
1250 3668 1336 3725 usque
1347 3652 1383 3708 ad
1401 3651 1542 3725 replentur
1554 3652 1703 3724 fructibus,
1715 3655 1834 3713 vestiun-

1030 3746 1075 3796 tur
1090 3739 1241 3796 frondibus.

1065 3829 1151 3885 Vnns.
1168 3831 1211 3885 tt.
1223 3857 1259 3870 -
1270 3829 1323 3897 Qui
1335 3829 1417 3887 tabet
1432 3828 1513 3887 duas.
1525 3828 1639 3903 (Banu)
1655 3829 1829 3906 Tuniosplus

1029 3916 1072 3973 sui
1085 3917 1241 3974 necessaria
1255 3917 1465 3990 quampallinm,
1482 3926 1547 3990 eto,
1558 3921 1696 3995 usquead
1705 3919 1755 3979 sed
1763 3920 1832 3995 quod

1029 4006 1110 4062 hahet
1124 4020 1186 4062 oum
1210 4021 1331 4079 paupere
1350 4007 1457 4078 partiat.

1065 4094 1150 4150 Vens.
1163 4097 1422 4153 th—l'ublt'aani.
1445 4095 1510 4169 (In.)
1534 4094 1588 4166 Qui
1611 4096 1759 4172 vectigalia
1781 4114 1831 4172 pu·

1029 4183 1100 4239 blica
1111 4183 1232 4256 exigunt,
1250 4190 1314 4251 eto..
1327 4200 1413 4257 usqua
1427 4184 1464 4241 ad
1479 4183 1588 4241 tandem
1602 4185 1637 4242 ud
1651 4185 1829 4260 propriarum

1028 4269 1160 4344 proximis
1189 4271 1416 4329 communicanda
1437 4273 1636 4347 pertingerent.
1670 4341 1672 4345 y

1064 4361 1149 4417 Vnus.
1163 4363 1205 4417 15.
1217 4390 1251 4402 -
1260 4361 1453 4419 Existimaute
1469 4366 1577 4420 autem.
1595 4362 1662 4435 (In.)
1672 4362 1734 4421 Non
1744 4361 1829 4421 solum

179 4441 240 4514 quis
255 4441 290 4498 sit
304 4441 357 4498 sibi
371 4456 454 4497 verus
468 4440 548 4496 Pater
561 4438 689 4507 insinuat,
705 4447 733 4495 et
747 4438 813 4510 quid
828 4440 918 4512 potius
928 4441 1014 4513 de·B
1028 4449 1193 4523 cogitabant,
1210 4457 1274 4518 eto,
1291 4466 1379 4524 usqae
1393 4450 1430 4507 ad
1443 4466 1494 4522 per
1507 4449 1645 4525 virginem
1659 4451 1836 4510 venissenom

179 4530 242 4586 beat
256 4530 282 4586 ei
295 4530 340 4588 eui
355 4538 397 4588 est
410 4537 529 4585 aetemus
548 4527 641 4595 Filius,
657 4527 756 4583 mentis
776 4529 872 4586 oeulos
895 4531 977 4587 attol-

179 4617 238 4673 lere
252 4618 335 4692 oogit.
352 4617 423 4687 Quia
436 4617 510 4675 enim
533 4617 607 4673 Dens
630 4623 658 4672 et
679 4618 761 4674 horno
776 4624 828 4684 est,
844 4633 918 4674 nuno
931 4636 977 4676 er-

179 4705 254 4762 oelsa
277 4706 400 4773 Deitatis,
427 4722 501 4763 nuno
524 4705 632 4762 infirma
661 4706 773 4779 praelert
795 4706 978 4765 humanitatis.

180 4792 264 4864 Quasi
277 4792 360 4850 Filius
373 4794 424 4851 Dei
438 4794 465 4849 in
481 4795 582 4868 templo
596 4802 791 4864 commoratur,
808 4796 885 4868 quasi
894 4797 978 4854 Filius

179 4882 296 4940 hominis
310 4898 372 4940 oum
391 4883 550 4956 parentibus
566 4900 620 4957 quo
632 4884 729 4954 jubent
744 4885 909 4958 regreditur.

216 4998 301 5055 Vnus.
318 5001 362 5054 st.
379 5027 413 5040 -
428 4999 464 5054 ht
485 5003 579 5057 ruater
601 5003 663 5073 ejas
686 5004 868 5061 conservabat
882 5007 979 5062 omnia

181 5094 263 5151 rerba
276 5096 308 5150 lu
322 5095 404 5153 eorde
426 5111 486 5153 sao.
514 5095 611 5154 Omnia
637 5096 747 5171 quade
762 5100 888 5171 Domino,
905 5101 949 5158 vel
964 5118 979 5157 a

180 5181 297 5239 Domino
312 5182 381 5240 iaota
396 5183 535 5257 cognovit,
552 5185 609 5241 sire
625 5202 686 5258 quse
695 5187 839 5258 intellexit,
850 5190 908 5247 sive
918 5206 979 5263 qua

179 5270 302 5327 nondum
315 5271 467 5345 intelligere
482 5274 578 5344 potuit,
594 5275 684 5330 omnia
699 5276 727 5331 in
736 5279 979 5336 memoriareoon-

180 5357 275 5426 debat,
286 5366 325 5424 ut,
337 5361 445 5431 quando
455 5368 562 5433 tempus
576 5363 757 5434 praedicanda
767 5382 816 5423 seu
827 5368 980 5426 scribenda

180 5447 372 5505 inoarnationis
394 5449 454 5520 ejus
478 5452 637 5523 adveniret,
664 5454 830 5514 sufficienter
853 5458 980 5516 universa

179 5546 262 5611 prout
276 5547 368 5596 essent
382 5548 460 5613 gesta
473 5551 568 5613 posset
578 5542 712 5615 explicare
723 5546 917 5616 quarentibus.
935 5549 981 5605 Sia

180 5640 232 5691 nos
246 5628 344 5687 erebra
357 5627 491 5688 lectorum
506 5640 533 5688 et
542 5631 678 5690 dictorum
685 5633 794 5691 Domini
804 5637 979 5695 meditatione

1029 4538 1154 4595 eredunt.

1065 4627 1150 4683 Vnus.
1168 4630 1211 4683 tt.
1228 4657 1262 4668 -
1285 4629 1379 4687 l'eotot
1399 4627 1592 4698 autem,1deo
1618 4628 1727 4703 baptiro
1749 4643 1832 4701 aqua,

1030 4714 1092 4788 quia
1106 4715 1152 4771 ille
1176 4715 1250 4772 venit
1272 4717 1317 4790 qui
1340 4717 1486 4790 baptizabit
1499 4717 1607 4790 spiritu,
1623 4726 1653 4775 et
1665 4723 1779 4792 oportet,
1794 4727 1827 4774 ut

1030 4803 1069 4859 illi
1083 4804 1125 4860 ria
1139 4812 1316 4878 preparetur.

1067 4895 1153 4966 Cujus
1167 4911 1224 4952 uou
1243 4910 1306 4951 sum
1320 4895 1432 4967 diquus.
1448 4894 1560 4967 (Banu.)
1573 4893 1636 4952 Non
1651 4910 1713 4952 sum
1727 4892 1815 4969 dignu
1874 4886 1878 4929 ²

1030 4982 1192 5054 mysterium
1206 4982 1399 5039 incarnationis
1418 4982 1595 5058 inuestigare,
1612 4991 1679 5055 eta,
1694 4977 1812 5059 ruqatad

1030 5071 1187 5144 evangeliea
1200 5071 1367 5145 praedicatio,
1384 5088 1438 5148 qua
1452 5072 1566 5130 calceati
1580 5080 1645 5129 sunt
1659 5069 1776 5147 apostoli.

1066 5186 1151 5241 Vens.
1168 5189 1211 5242 19.
1233 5216 1267 5227 -
1288 5186 1418 5244 llerodes.
1441 5191 1596 5260 Antequam
1617 5187 1705 5246 Lueas
1726 5181 1806 5257 aliquid

1029 5281 1120 5329 narrat
1134 5273 1169 5331 de
1197 5275 1303 5332 artibus
1328 5277 1402 5345 lesu,
1428 5276 1494 5334 dieit
1515 5276 1650 5333 loannem
1673 5272 1807 5334 attente

1030 5370 1146 5434 captum,
1163 5373 1192 5419 ut
1205 5365 1329 5421 ostendat
1344 5381 1374 5423 se
1401 5365 1573 5423 solummodo
1588 5380 1620 5422 ea
1635 5366 1705 5424 faeta
1718 5363 1805 5422 destri-

1029 5460 1153 5524 pturum,
1171 5470 1231 5525 quse
1255 5469 1288 5512 eo
1311 5471 1382 5511 anno
1396 5463 1473 5529 gesta
1487 5462 1560 5523 sunt,
1577 5471 1632 5528 qno
1646 5457 1763 5515 loannes
1779 5452 1812 5511 rel
1876 5498 1878 5503 ,

1030 5551 1124 5614 eaptus
1139 5551 1190 5610 est,
1207 5543 1250 5600 rel
1264 5544 1384 5617 punitus.

1065 5642 1206 5701 Versat.
1226 5645 1306 5703 -rt
1319 5642 1546 5717 lesulaptitato.
1558 5640 1819 5718 &sna->Baptistae
1855 5644 1878 5719 a}
