3772 6112
147 265 199 322 887
379 265 582 323 wathratot
596 265 718 322 straet
732 264 752 319 F
755 263 832 319 ULD.
850 261 934 318 llON.
951 259 1028 318 OPP.
1045 262 1133 318 PARS
1143 263 1164 317 l.
1180 293 1215 305 -
1228 261 1463 319 THEOLOGICA.
1747 270 1798 323 888

150 390 317 447 maledicere
340 391 389 446 sed
412 390 564 446 benedicite
587 407 593 444 :
619 391 653 444 de
668 397 739 444 tactu
753 389 799 460 qui
814 388 953 443 iurabatur
966 387 995 449 A
1007 387 1099 457 tenuit,
1111 395 1140 441 ut
1155 403 1203 441 nos
1217 387 1251 441 de
1268 386 1383 458 flagellis
1397 395 1575 457 peccatorum
1590 388 1724 444 liberaret
1741 405 1748 445 :
1764 391 1801 445 ai-

145 480 273 552 jamnon
297 478 409 545 iuretur,
427 479 475 534 sed
497 480 600 533 laboret
617 478 742 533 manibus
763 479 834 532 unde
850 477 949 531 tribuet
998 485 1043 531 cut
1066 477 1153 530 hdanr
1178 477 1297 530 extendit
1319 476 1438 546 palmam
1463 477 1490 531 in
1514 477 1622 551 lignum
1636 478 1710 545 vitae,
1727 478 1802 535 itaet

149 567 328 641 etindigenti.
345 567 409 622 ldeo
425 565 492 621 frunt
513 567 609 622 decem
625 566 727 621 talenta
744 583 750 620 τ
768 565 947 631 duotalenta,
997 564 1084 620 Judaei
1119 565 1299 619 extenderunt
1326 565 1430 635 palmas
1459 566 1485 619 in
1511 566 1621 621 Christo
1642 565 1800 637 proindeet

147 655 234 712 idest
254 655 407 711 intellectus
421 663 448 709 et
462 656 592 725 operatio,
616 655 662 726 qui
676 655 757 709 habet
771 655 840 720 haec,
859 662 885 709 et
896 653 949 707 im·
997 653 1135 719 Christus,
1153 653 1273 708 extendit
1295 653 1399 724 palmas
1415 655 1441 708 in
1458 654 1533 726 ligno
1548 653 1641 714 crucis
1658 663 1688 710 ut
1704 671 1755 712 nos
1768 656 1800 711 ab

148 743 205 816 plet
221 743 360 813 exemplis,
377 751 404 798 et
418 743 510 798 verbis
525 744 613 809 docet,
630 743 714 798 salvat
724 744 909 813 semetipsum,
923 750 949 797 et
998 741 1071 797 omni
1086 741 1193 796 stimulo
1208 742 1345 812 liberaret,
1356 759 1405 812 per
1419 751 1527 798 cantum
1543 743 1610 817 galli
1624 744 1746 800 ostendit
1760 761 1803 801 re·

149 832 219 890 alios
240 832 357 888 instruit.
383 832 448 886 ldeo
470 832 621 903 geminatur
636 831 766 886 talentum
786 849 792 886 ε
808 848 891 885 unum
907 838 948 884 ta·
998 829 1142 886 sectionem
1158 831 1273 901 Spiritus
1288 831 1374 886 sancti
1392 851 1398 887 :
1415 833 1522 887 vinctus
1533 833 1633 889 ductus
1648 841 1680 888 ut
1695 832 1801 890 vincula

149 914 253 970 lentum
276 914 394 970 ostendit
408 914 577 971 intellectum
594 934 600 970 :
617 915 767 970 Abscondit
781 915 808 969 in
823 923 904 981 terra,
921 914 948 968 id
998 923 1171 986 peccatorum
1188 924 1343 970 nostrorum
1354 917 1483 972 solveret.

149 1011 191 1059 est
206 1004 252 1076 qui
275 1003 495 1075 praedicationem
518 1005 661 1076 Evangelii
676 1021 724 1075 pro
739 1003 852 1059 terrenis
868 1003 949 1058 rebus
1035 1004 1158 1058 Corbana
1189 1004 1340 1071 llebraioe,
1358 1005 1551 1077 Gazophilacia
1572 1005 1684 1074 Graece,
1710 1007 1801 1064 latine

147 1090 251 1147 docet:
274 1100 336 1164 post
359 1092 474 1147 multum
502 1110 568 1149 vero
591 1093 739 1164 temporis,
756 1093 783 1147 id
798 1093 880 1147 estin
895 1089 949 1146 fine
999 1092 1156 1147 divitiarum
1170 1092 1293 1148 custodia
1308 1094 1405 1148 dieitur
1422 1111 1427 1148 :
1444 1111 1493 1166 per
1508 1093 1673 1150 effusionem
1689 1096 1801 1168 sangui-

149 1179 244 1235 mundi
261 1197 267 1234 :
285 1180 358 1236 lletit
373 1182 419 1235 ubi
435 1198 489 1236 non
504 1182 655 1249 seminavit,
672 1182 698 1236 id
714 1190 765 1251 est,
780 1181 826 1235 uhi
837 1178 949 1235 noninit
999 1181 1042 1236 nis
1066 1181 1164 1236 Christi
1188 1181 1356 1253 redemptum
1380 1191 1421 1237 est
1443 1184 1591 1238 humanum
1622 1200 1715 1258 genus
1730 1225 1737 1254 ,
1753 1200 1802 1256 per

148 1269 306 1342 praedicatio
323 1286 329 1325 :
347 1269 432 1325 tollite
447 1271 588 1339 talentum,
605 1270 631 1324 id
647 1277 688 1324 εει
698 1269 872 1333 intellectum,
887 1268 949 1323 date
999 1270 1117 1340 pretinm
1132 1271 1272 1341 sanguinis
1287 1279 1394 1341 emptus
1418 1280 1459 1326 est
1478 1288 1546 1344 ager
1564 1272 1599 1327 ad
1625 1272 1795 1343 sepulturam

148 1357 228 1431 eiqui
238 1357 387 1429 geminavit
397 1359 425 1413 in
444 1360 516 1415 bono
532 1375 615 1430 opere
628 1377 634 1412 :
645 1359 765 1430 quinque
776 1357 951 1412 sensussicut
999 1359 1208 1431 peregrinorum
1226 1377 1232 1413 :
1250 1359 1338 1430 llvrus
1349 1359 1493 1430 Pompeius
1509 1368 1560 1429 est,
1579 1361 1722 1416 Barrabas
1733 1362 1800 1417 dac·

145 1446 183 1502 ait
197 1447 354 1519 Apostolus,
371 1447 423 1519 ipsi
444 1448 496 1502 sibi
512 1456 574 1502 sunt
588 1447 642 1515 lex,
659 1447 704 1519 qui
721 1447 867 1501 ostendunt
882 1461 950 1516 opus
1001 1455 1044 1501 tus
1058 1448 1085 1500 in
1101 1448 1247 1516 desertum,
1264 1448 1291 1501 id
1307 1456 1348 1502 εει
1363 1448 1390 1502 in
1406 1448 1542 1504 infernum
1559 1468 1566 1503 z
1586 1450 1657 1505 alter
1671 1450 1798 1506 immola-

144 1534 215 1608 legis
226 1534 256 1590 in
272 1536 403 1591 cordibus
421 1536 487 1603 suis,
505 1536 550 1608 qui
567 1537 647 1591 hahet
662 1534 744 1591 fidem
755 1544 781 1590 et
797 1534 948 1604 caritatem,
1002 1543 1053 1604 tus,
1070 1536 1149 1589 idest
1162 1537 1284 1590 Christus
1299 1553 1348 1607 pro
1363 1545 1474 1608 peccato
1488 1539 1630 1593 hominum
1645 1557 1652 1592 :
1670 1548 1801 1594 exuerunt

144 1623 255 1680 dabitur
275 1623 302 1679 ei
324 1624 476 1681 intellectus
492 1633 518 1679 et
532 1625 656 1697 operatio
681 1625 820 1693 virtutum,
837 1623 883 1695 qni
896 1639 950 1677 non
1000 1624 1147 1691 Christum,
1162 1625 1188 1679 id
1207 1632 1248 1679 est
1262 1626 1437 1696 expoliatum,
1455 1626 1538 1681 afide
1562 1626 1736 1695 ludaeorum,
1753 1629 1797 1683 in-

145 1712 228 1769 habet
242 1713 331 1785 ipsam
347 1714 420 1787 quod
444 1714 524 1768 habet
545 1712 684 1768 auferetur
699 1713 731 1767 ab
748 1729 791 1779 εο,
807 1712 886 1767 idest
902 1709 964 1783 qui
1001 1713 1059 1767 duit
1074 1713 1219 1768 clamidem
1238 1714 1376 1777 coccineo,
1394 1713 1421 1768 id
1436 1722 1476 1769 est
1507 1715 1647 1770 Christum
1677 1715 1799 1772 indutum

143 1802 227 1859 habet
242 1801 334 1871 fidem,
351 1811 377 1858 et
392 1819 447 1857 non
462 1802 543 1858 habet
560 1802 712 1868 caritatem,
728 1802 788 1873 ipsa
802 1799 869 1855 hdes
885 1817 946 1855 mo·
997 1800 1051 1856 fide
1074 1803 1205 1875 gentium.
1231 1803 1353 1857 induitur
1374 1802 1519 1858 clamidem
1541 1805 1684 1870 coccineo,
1710 1804 1738 1859 id
1761 1812 1801 1861 est

143 1890 229 1947 rietur
243 1891 272 1946 in
287 1907 330 1947 eo.
347 1891 524 1961 blajestatem,
541 1891 568 1946 id
583 1899 624 1946 est
640 1898 811 1962 potestatem,
829 1890 947 1962 dignita·
998 1890 1135 1946 Christum
1150 1891 1272 1946 indutum
1286 1890 1339 1947 side
1353 1893 1475 1964 gentium
1484 1892 1564 1947 aliter
1579 1909 1630 1964 per
1640 1893 1799 1949 coccineum

143 1987 209 2046 ιεω,
225 1979 335 2035 Judaeos
352 1997 359 2034 :
375 1995 441 2034 oves
452 1979 643 2050 veropopulus
653 1979 775 2052 gentium
788 2022 794 2044 ,
807 1979 944 2048 dextrum,
998 1980 1152 2049 clamidem,
1169 1981 1287 2035 ostendit
1303 1980 1463 2036 effusionem
1479 1981 1620 2053 sanguinis
1640 1982 1729 2053 ipsius
1744 1982 1799 2039 sire

143 2067 171 2123 id
186 2075 228 2124 est
242 2084 405 2139 prospemm
421 2068 479 2124 sive
504 2077 632 2124 rectum:
656 2069 811 2136 sinistrum,
844 2068 946 2122 adver·
997 2070 1170 2141 martyrium,
1194 2078 1326 2124 exuerunt
1358 2087 1420 2125 eurn
1441 2070 1577 2140 clamide,
1601 2080 1628 2125 et
1654 2071 1799 2128 induerunt

147 2172 225 2224 sum,
241 2157 299 2213 sive
323 2157 442 2229 pmnale,
459 2157 505 2230 qui
528 2157 597 2229 spud
620 2158 706 2213 Deum
721 2157 788 2210 nihil
804 2163 846 2211 est
862 2156 945 2210 sinis·
997 2175 1060 2215 eum
1075 2159 1244 2214 vestimentis
1260 2159 1325 2226 suis,
1335 2160 1453 2214 ostendit
1464 2160 1491 2214 in
1507 2158 1562 2215 line
1579 2160 1679 2215 mnudi
1690 2177 1801 2218 eonver-

145 2253 217 2302 trum
233 2262 240 2300 :
256 2261 317 2303 cum
333 2255 424 2302 antem
439 2254 513 2301 esset
527 2246 555 2300 in
567 2247 709 2314 Bethania,
723 2246 750 2301 id
765 2253 806 2300 est
821 2245 848 2299 in
863 2244 945 2300 domo
997 2248 1102 2304 sionem
1131 2248 1298 2304 Jndmorum.
1819 2322 1822 2327 .

142 2335 315 2403 obedientiae,
332 2335 377 2391 hic
391 2336 489 2391 domus
504 2352 555 2407 pro
569 2336 672 2390 mundo
696 2335 813 2406 ponitur.
1032 2339 1134 2393 llilitcs
1149 2339 1196 2409 qai
1216 2339 1373 2393 diuiserunt
1394 2337 1565 2394 vestime-nto
1580 2341 1643 2410 ejas
1660 2353 1668 2394 ε
1683 2337 1800 2412 figuram

177 2425 298 2482 llalier:
325 2423 353 2479 id
376 2432 418 2479 est
433 2422 522 2479 lutura
546 2423 668 2480 Ecclesia
693 2440 699 2478 :
724 2423 902 2491 alabastmm,
918 2425 945 2479 id
997 2435 1090 2481 tenent
1104 2427 1259 2497 Evangelii,
1271 2426 1317 2497 qui
1333 2427 1484 2483 diviserunt
1502 2427 1573 2483 inter
1594 2444 1624 2483 se
1647 2427 1800 2485 doctrinam

141 2519 184 2570 eat
198 2527 297 2584 corpus
311 2513 447 2582 hominis,
463 2530 514 2584 per
536 2513 706 2586 inguentum,
723 2514 842 2568 ostendit
863 2512 945 2569 linem
996 2515 1106 2581 Christi,
1123 2532 1174 2585 per
1193 2515 1353 2571 scissionem
1375 2516 1428 2572 veli
1443 2517 1564 2572 ostendit
1579 2517 1744 2573 scissionem
1759 2534 1801 2573 re

141 2600 322 2660 confessionis
336 2619 343 2658 ι
355 2610 437 2673 caput
453 2602 552 2657 Christi
576 2603 651 2658 Dens
673 2603 754 2657 Pater
769 2602 942 2672 recumbens,
996 2604 1043 2675 gni
1058 2605 1216 2659 Indaeorum
1233 2623 1239 2658 :
1257 2603 1317 2660 hlio
1332 2604 1413 2659 modo
1430 2604 1520 2662 velum
1544 2605 1664 2661 scissum
1679 2614 1733 2673 est,
1754 2622 1799 2661 os-

139 2689 215 2748 idem
240 2690 365 2747 Christus
387 2707 469 2763 super
493 2690 646 2747 Ecclesiam
663 2709 669 2744 :
685 2706 822 2761 pauperes
838 2707 945 2762 semper
996 2692 1081 2748 tendit
1096 2693 1256 2749 scissionem
1267 2693 1337 2766 legis
1353 2693 1448 2749 litterae
1461 2710 1510 2764 per
1524 2694 1723 2751 revelationem
1738 2695 1797 2766 Spi-

140 2779 285 2849 habebitis,
302 2780 331 2836 id
345 2789 387 2837 εει
401 2780 579 2852 spiritualiter
588 2781 634 2852 qni
645 2779 769 2852 indigent
779 2780 943 2849 doctrinam,
996 2781 1064 2836 ritus
1080 2782 1176 2851 sancti,
1192 2783 1235 2837 vel
1251 2783 1438 2838 ascensionem
1453 2782 1553 2836 Christi
1569 2783 1650 2838 scissi
1662 2783 1798 2840 suntcoeli

139 2868 199 2927 aive
214 2869 393 2940 corporaliter
407 2869 454 2941 qui
470 2868 547 2925 cibos
562 2868 685 2940 indigent
702 2886 708 2923 :
725 2885 768 2923 me
784 2876 944 2924 autemnon
995 2871 1113 2925 humano
1135 2871 1230 2943 generi
1247 2889 1254 2924 ε
1271 2879 1343 2926 terra
1366 2879 1445 2936 nota,
1462 2871 1581 2927 ostendit
1601 2872 1721 2945 gratiam
1736 2872 1794 2942 Dei,

141 2956 402 3030 semperhabebitis,
413 2958 540 3026 ostendit,
548 2957 698 3013 secundum
706 2958 943 3027 camemzloseph
995 2967 1132 3015 commota
1149 2961 1183 3014 de
1203 2959 1305 3014 Judaeis
1327 2960 1362 3013 ad
1385 2968 1498 3030 gentes,
1516 2967 1599 3030 petrae
1614 2959 1727 3030 scissae,
1743 2960 1795 3018 hoc

139 3046 267 3105 venditur
274 3047 303 3102 in
311 3047 466 3120 Egyptum,
477 3061 517 3100 xx
535 3044 943 3116 argenteosutaatiaretiamem
995 3056 1057 3102 sunt
1085 3048 1170 3103 corda
1199 3047 1336 3120 gentium,
1353 3047 1438 3102 scissa
1453 3048 1488 3102 ad
1502 3046 1585 3103 iidem
1601 3066 1608 3103 ε
1622 3049 1797 3106 Monumenta

138 3135 280 3207 eorporis:
291 3134 415 3190 Christus
425 3133 551 3190 venditus
565 3149 627 3187 xxx
642 3140 799 3206 argenteos,
815 3150 866 3205 pro
881 3151 943 3206 pec·
957 3108 1094 3208 Caperta,
1112 3136 1140 3191 id
1155 3144 1196 3191 est
1212 3138 1296 3191 corda
1310 3136 1344 3190 ad
1366 3135 1458 3191 sidem.

138 3224 207 3282 catts
236 3221 377 3280 hominum
395 3230 442 3289 ,et
473 3222 543 3277 lame
568 3221 631 3277 fidei
648 3239 655 3276 ε
671 3222 883 3293 opportunitas,
913 3225 940 3278 id
1027 3228 1249 3291 thaumastum,
1272 3225 1299 3278 id
1314 3233 1356 3280 εει
1378 3225 1501 3281 Ecclesia
1517 3241 1550 3280 ex
1566 3224 1697 3296 gentibus
1714 3244 1721 3280 :
1737 3227 1794 3282 No-

140 3320 206 3380 εει,
235 3319 343 3383 tempus
370 3326 541 3384 congmum,
562 3327 612 3382 per
627 3311 743 3366 azimam
776 3312 941 3368 sinceritatis
991 3330 1055 3370 vum
1069 3314 1196 3379 ostendit,
1215 3312 1276 3385 quia
1291 3311 1792 3383 noninitantepraedicatumverbum

143 3400 242 3457 mentis
269 3400 411 3467 ostendit,
432 3398 521 3454 bibam
543 3397 620 3455 illum
647 3399 674 3454 in
703 3414 819 3473 regnum
856 3402 940 3456 Patris
992 3403 1042 3458 Dei
1057 3403 1194 3475 gentibus,
1211 3402 1332 3458 excisum
1347 3410 1554 3458 monumentum
1568 3403 1791 3473 inpetra,osten·

141 3489 197 3548 mei
217 3488 383 3560 vobiscum,
408 3488 436 3543 id
462 3496 505 3544 est
533 3488 561 3543 in
584 3488 716 3544 membris
745 3488 801 3543 suis
829 3487 858 3545 in
873 3506 939 3564 reg·
991 3490 1031 3545 dit
1052 3491 1202 3546 Ecclesiam
1225 3491 1349 3556 scissam,
1372 3489 1407 3546 de
1421 3491 1518 3546 duritia
1532 3490 1705 3564 gentilitatis,
1720 3491 1791 3563 lapi·

139 3595 214 3649 num,
230 3578 259 3635 id
275 3587 316 3634 est
330 3578 358 3633 in
372 3578 497 3635 Ecclesia
511 3577 665 3650 percutiam
678 3585 827 3649 pastorem,
844 3578 872 3632 id
886 3587 938 3646 est,
991 3580 1055 3635 dem
1069 3578 1190 3635 volutum
1204 3580 1238 3634 ad
1259 3580 1359 3634 ostium
1373 3579 1555 3646 monumenti,
1572 3579 1693 3636 ostendit
1718 3579 1792 3636 duri·

125 3667 237 3726 ·christi
249 3684 256 3723 :
266 3668 459 3741 dispergentur
473 3682 549 3734 oves,
570 3667 598 3722 id
614 3675 676 3722 sunt
690 3667 816 3738 apostoli,
834 3683 939 3738 praece·
991 3668 1055 3723 tiam
1066 3668 1094 3722 in
1108 3669 1190 3724 corda
1198 3668 1364 3723 ludaeorum.

135 3757 199 3814 dam
215 3772 264 3813 vos
284 3757 312 3813 in
337 3756 487 3823 Galilaeam,
504 3757 606 3812 hocest
623 3757 734 3812 relictos
746 3756 856 3812 ludaeos
872 3744 939 3810 abiit
1030 3759 1128 3829 Vesper
1140 3757 1268 3812 sabbathi
1285 3774 1291 3810 :
1308 3757 1387 3812 idest
1401 3755 1454 3811 fine
1469 3756 1572 3823 mundi,
1589 3756 1680 3828 prima
1695 3758 1791 3813 sabba·

139 3847 284 3921 adgentes
300 3865 308 3901 ι
324 3845 348 3902 εἰ
362 3845 492 3917 possibile
510 3852 552 3900 est
565 3853 687 3900 transeat
702 3860 719 3900 a
734 3861 778 3900 me
794 3843 864 3900 calix
876 3844 938 3914 iste,
991 3845 1029 3900 thi
1058 3845 1177 3900 ostendit
1202 3845 1273 3899 diem
1292 3845 1518 3914 resurrectionis,
1535 3845 1661 3901 revoluto
1683 3846 1789 3918 lapide,

138 3935 221 3994 idest
234 3934 337 4008 passio,
349 3935 401 3990 hoo
414 3933 480 3989 dixit
494 3933 738 4004 propartecarnis,
754 3949 804 4004 per
818 3932 939 4005 gladium
991 3931 1129 4006 significat
1144 3933 1296 3988 revolutam
1311 3933 1438 3988 duritiam
1448 3934 1601 3989 Judaeorum
1616 3934 1646 3989 in
1662 3934 1789 4005 futurum,

141 4024 262 4082 ostendit
276 4023 392 4080 verbum
417 4022 551 4078 divinum.
582 4023 699 4092 Ampata
727 4021 887 4088 auriculam,
912 4022 940 4077 id
990 4040 1041 4095 per
1051 4020 1199 4096 fulgorem,
1214 4022 1333 4078 ostendit
1348 4031 1490 4089 terrorem,
1506 4039 1555 4093 per
1564 4023 1716 4079 candorem
1728 4039 1790 4080 vea-

140 4119 362 4184 eatamputatum
376 4110 665 4167 auditumJudaeomm
681 4111 710 4164 in
724 4110 885 4166 munditiam
895 4112 939 4166 lu·
990 4111 1094 4167 timenti
1118 4109 1234 4165 ostendit
1271 4109 1485 4166 consolationem
1512 4111 1743 4180 recorrectionis,
1764 4111 1790 4165 in

138 4201 261 4259 dacorum
275 4200 382 4273 accepit
395 4207 425 4255 ut
442 4205 566 4256 nostram
581 4198 779 4255 immunditiam
795 4207 937 4273 purgaret,
990 4199 1111 4267 Gathar,
1127 4201 1155 4254 in
1168 4206 1270 4265 monte,
1286 4199 1404 4255 ostendit
1418 4199 1453 4256 de
1466 4199 1568 4271 populo
1582 4200 1742 4258 Judaeorum
1756 4200 1788 4256 ad

140 4290 304 4365 flagellatus.
989 4297 1095 4364 gentes.

679 4607 728 4680 nv
752 4604 1063 4679 nvnucanrunr
1087 4605 1250 4719 nraaor,

175 4915 282 4971 lnitinrn
296 4914 438 4988 Evangelii
457 4916 522 4970 Jesu
537 4912 635 4970 Christi
650 4913 710 4970 Filii
724 4915 783 4971 Dei.
802 4913 882 4985 Quod
896 4916 940 4971 di-
954 4918 1080 4983 Dmitas,
1092 4917 1120 4973 id
1135 4925 1177 4973 est
1199 4915 1378 4989 cogitationes
1400 4914 1490 4971 cordis
1512 4916 1607 4983 vestri,
1624 4931 1677 4987 per
1686 4917 1789 4990 baptis·

142 5001 179 5059 cit
200 5002 259 5058 Filii
277 5004 337 5070 Dei,
361 5003 479 5060 ostendit
492 5003 660 5058 nativitatem
674 5004 824 5060 secundum
839 5004 939 5061 divini·
989 5023 1063 5063 mum
1078 5023 1165 5079 aquae,
1184 5006 1300 5062 ostendit
1321 5003 1488 5060 ablutionem
1502 5005 1627 5076 corporis
1643 5013 1671 5061 et
1684 5006 1788 5068 animae.

140 5097 223 5146 tatem
245 5093 395 5147 secundum
418 5108 540 5162 carnem,
565 5092 683 5148 ostendit
696 5093 761 5148 dum
785 5093 850 5150 dicit
864 5094 938 5165 Jesu,
990 5096 1155 5167 baptismum
1176 5095 1358 5166 poenitentiae,
1376 5093 1502 5149 remissio
1532 5101 1574 5148 est
1597 5101 1788 5166 peccatoram,

140 5194 206 5238 ecce
221 5179 307 5246 mitto,
317 5179 344 5235 id
360 5191 400 5237 est
415 5197 466 5237 vox
488 5183 572 5254 patris
588 5182 724 5255 Angelum
738 5199 839 5251 meum,
855 5184 883 5238 id
898 5193 940 5239 est
989 5186 1061 5242 venit
1072 5185 1099 5240 in
1110 5185 1220 5240 domum
1236 5183 1355 5238 Simonis
1370 5183 1496 5249 hndreae,
1513 5183 1540 5237 id
1556 5191 1608 5250 est,
1619 5184 1655 5239 ad
1669 5184 1788 5249 ludaeos,

140 5269 275 5328 Ioannem
291 5287 298 5324 :
313 5277 375 5324 ante
396 5270 493 5326 taciem
514 5280 595 5336 tuam,
621 5271 649 5326 id
666 5278 722 5342 est,
739 5288 940 5343 praecursorem
989 5273 1107 5330 diluculo
1121 5274 1201 5328 valde
1217 5288 1344 5345 surgens,
1361 5273 1479 5328 ostendit
1494 5273 1645 5328 adventum
1669 5273 1787 5342 Christi,

141 5359 260 5427 Christi,
288 5358 401 5414 notitam
425 5359 482 5427 ejus
505 5358 649 5416 facientem
668 5377 719 5416 vox
746 5362 857 5417 loannis
886 5371 936 5430 est,
990 5371 1016 5418 et
1030 5362 1135 5417 initium
1150 5361 1220 5417 Novi
1230 5361 1403 5426 testamenti,
1421 5361 1673 5417 abiitindesertnm
1688 5362 1788 5428 locum,

138 5448 259 5506 clamans
273 5447 398 5504 Christus
419 5446 503 5502 estin
518 5448 626 5504 deserto
641 5448 777 5521 significat
791 5451 939 5517 Jndaeos,a
988 5451 1016 5506 id
1038 5461 1079 5507 est
1102 5452 1137 5506 ad
1153 5451 1280 5516 tudaeos,
1297 5450 1388 5522 ibique
1402 5451 1507 5517 orabat,
1526 5450 1554 5505 id
1569 5459 1620 5516 est,
1637 5450 1676 5505 ibi
1690 5452 1790 5522 praedi·

138 5536 211 5611 lege,
228 5545 254 5595 et
269 5554 286 5594 a
299 5536 571 5611 regnoasacerdotio
586 5538 742 5604 derelictos,
752 5548 844 5611 parate
855 5540 936 5608 viam,
988 5541 1076 5599 cahat.

139 5624 169 5682 id
190 5634 232 5684 εει
252 5628 354 5699 corda,
379 5626 438 5686 sive
459 5642 555 5701 opera,
580 5634 670 5684 rectas
692 5626 773 5688 facite
802 5629 860 5700 ejus
890 5646 937 5688 se·
1023 5632 1083 5689 Noc
1095 5631 1186 5704 possit
1200 5629 1526 5689 tacioitotcmiatroire.
1539 5628 1599 5687 Hoc
1612 5628 1789 5703 propterire·
