3772 6112
452 249 588 308 GLOSSA
607 250 814 339 ORDleRlA.
834 277 869 292 -·
881 250 990 309 EPlSl'.
1006 253 1054 309 AD
1068 251 1156 311 ΗΘΜ.
1613 253 1665 310 ibb

82 374 160 448 patiri
174 388 351 446 compescere
364 390 521 445 possumus,
539 392 573 430 ne
589 392 676 449 usqua
690 376 724 431 ad
736 371 849 433 dele-A
864 361 928 430 tiam
943 375 1101 432 misericors
1111 376 1211 431 Pater?
1231 375 1366 447 quomodo
1381 374 1433 430 ista
1451 374 1543 431 debita
1561 375 1660 432 redde-

83 479 157 521 inem
180 471 208 520 ει
230 479 394 520 consensum
416 463 569 534 perveniat,
586 464 659 536 quod
674 465 800 536 prohibet
860 471 942 534 retur,
956 464 1008 519 nisi
1024 464 1100 535 prius
1113 463 1159 519 illa
1174 464 1260 535 gratia
1274 464 1391 535 gratuito
1406 464 1570 520 donaretur?

83 594 131 636 aa.
149 581 192 634 lb.
204 608 239 619 -
252 577 323 648 Quid
337 583 417 652 erpo?
439 576 509 647 Quia
531 578 575 635 lex
596 595 613 634 a
627 580 696 649 Deo,
713 588 810 652 peccat
895 551 991 652 (Ano.)
1002 553 1069 609 Cum
1083 569 1172 626 genus
1186 552 1334 652 humanum
1356 561 1465 652 peccata
1479 552 1563 651 longe
1578 569 1656 624 sepa-

83 682 134 725 ω
161 666 270 722 dimittit
297 683 348 738 pro
371 667 470 741 gratia,
497 668 569 736 Quid
583 673 665 741 ΜΟ.
680 671 809 726 Pmobi,
860 649 979 696 raverint
993 656 1011 696 a
1024 643 1093 709 Deo,
1108 658 1159 740 per
1173 642 1362 739 mediatorem,
1379 659 1425 713 qm
1438 642 1512 697 solus
1521 657 1586 739 δειεε
1599 656 1660 712 pec·

100 754 172 826 Quia
185 771 241 811 non
256 756 307 810 sub
321 754 393 829 lege,
410 756 806 831 quae10„0,‚sedsuhgra,ia,
859 737 922 784 cato
936 736 1078 798 natusest,
1095 737 1160 787 viiii
1175 737 1202 785 et
1216 745 1323 786 occisus
1347 738 1397 797 est,
1420 729 1587 786 reconcdian
1610 744 1660 784 nos

85 843 156 901 bene
171 843 324 916 promittit?
338 844 404 916 quid
427 846 516 918 ergo?
536 845 732 915 peccabimus?
751 846 809 902 Hoc
860 817 1011 888 oportebat,
1028 826 1057 873 ut
1069 826 1097 874 et
1119 819 1234 873 humana
1259 818 1387 890 superbia
1410 835 1460 890 per
1482 818 1658 873 humilitatem

84 948 132 1003 m,
149 932 196 1005 qui
211 931 303 1007 legem
317 933 396 1005 quasi
420 934 603 991 comentem
617 934 662 991 Ἴθι
676 950 809 992 comen,
859 905 911 961 Dei
926 915 1089 978 argueretur
1103 922 1135 963 ac
1149 917 1297 974 sanaretur,
1318 916 1345 962 ει
1359 907 1592 963 demonstraretur
1606 905 1659 961 ho·

85 1021 236 1091 iadicem,
252 1028 279 1077 ei
294 1021 450 1078 tenendam,
658 1052 662 1061 ,
860 994 927 1051 ruini
939 1011 1022 1068 quam
1037 994 1120 1068 longe
1134 1012 1150 1050 a
1164 997 1222 1053 Deo
1237 1002 1397 1064 recesserat,
1414 1003 1465 1052 etc.

86 1139 182 1193 mid.
198 1166 234 1176 -
248 1136 292 1193 Ari
307 1137 425 1193 arescitis
439 1139 582 1210 quoniam,
594 1144 647 1195 eto.
663 1138 705 1193 Ne
719 1138 809 1195 Deum
1154 1172 1268 1230 CAPUT
1292 1173 1353 1227 VH·

86 1231 167 1281 entes
195 1224 297 1293 verbis,
323 1224 389 1281 iacti
412 1225 497 1281 siriius
519 1225 631 1294 diaboli,
655 1234 808 1298 praemonet

86 1328 135 1370 sse
149 1329 245 1370 servos
261 1315 319 1384 ejus
334 1314 411 1384 cujus
425 1315 594 1371 voluntatem
609 1314 734 1372 iacimus.
894 1319 980 1375 Vnus.
998 1323 1023 1374 i.
1035 1350 1070 1360 -
1085 1320 1129 1375 in
1143 1322 1290 1392 marcatis.
1308 1321 1443 1376 Hactenus
1454 1320 1488 1376 de
1502 1321 1529 1377 vi
1544 1321 1655 1392 gratiae:

86 1440 130 1483 ,9,
144 1429 187 1482 Π,
203 1456 238 1467 ..
256 1428 368 1483 Gratia,
382 1431 479 1483 aurem
494 1429 557 1495 Deo,
584 1436 636 1484 020,
661 1428 696 1482 Et
710 1443 808 1484 eorum
858 1423 939 1473 nunc,
956 1408 1029 1481 quod
1044 1408 1087 1464 lex
1100 1409 1169 1464 ultra
1184 1424 1239 1463 non
1255 1417 1296 1464 est
1311 1409 1435 1475 tenenda,
1448 1417 1475 1463 et
1488 1408 1545 1482 agit
1557 1409 1590 1464 de
1606 1408 1660 1466 fine

86 1513 187 1571 ponem
214 1514 341 1583 ostendit,
372 1522 398 1570 et
423 1532 507 1587 quam
530 1516 565 1570 sit
590 1515 615 1571 ei
628 1517 682 1572 hoc
696 1525 807 1589 gramm
858 1495 937 1569 legis,
953 1503 979 1553 et
998 1497 1082 1568 priori
1106 1497 1164 1566 ejus
1186 1497 1326 1552 inutilitate
1342 1515 1349 1551 :
1367 1513 1422 1552 nou
1443 1512 1511 1571 ergo
1526 1498 1656 1554 mirentur

87 1601 125 1674 iit,
142 1604 201 1659 Deo
216 1604 347 1674 hymnum
361 1602 490 1660 offerens.
501 1604 593 1660 Eratis
608 1604 691 1674 enim,
708 1604 804 1677 inquit,
858 1582 973 1641 R⁰¹¹¹⁸¹¹i
997 1585 1062 1657 quia
1083 1586 1228 1657 ΑΡθθίθ1118
1251 1586 1316 1642 ‘fiili
1332 1603 1338 1640 ²
1355 1587 1414 1643 ΝΜ
1434 1588 1501 1642 ‘³⁸2ss
1520 1587 1570 1643 iub
1587 1587 1652 1659 ²09⁰,

91 1691 201 1765 9000„st
217 1710 223 1746 :
240 1700 332 1749 vestm
345 1701 437 1748 aurem
452 1702 548 1765 sponte
563 1693 706 1766 liberaque
721 1687 843 1786 „fiij
857 1673 905 1773 scd
928 1673 978 1730 sub
1000 1676 1094 1746 pratia
1111 1691 1118 1729 :
1139 1689 1221 1773 supra
1249 1674 1389 1730 dicebatur
1417 1690 1472 1731 non
1496 1674 1653 1774 juridicam,

88 1787 145 1838 m„
159 1781 233 1838 filius
247 1781 397 1838 dominium
411 1782 578 1851 excussistis,
595 1790 622 1838 e,
637 1782 806 1854 spiritualem
858 1762 902 1818 hic
916 1762 1017 1819 debere
1031 1778 1153 1830 cessare;
1176 1779 1238 1835 quia
1257 1763 1321 1818 data
1344 1778 1431 1836 usque
1454 1764 1489 1818 ad
1508 1763 1655 1820 Christum.

88 1868 160 1926 imm
174 1869 323 1941 amplexati
336 1871 412 1926 θεῇς,
424 1873 555 1928 pomam
571 1871 717 1929 doctam·
733 1872 805 1928 Nos,
856 1848 931 1906 Ordo
946 1867 953 1907 :
969 1852 1012 1907 An
1024 1851 1157 1925 ignoratis
1172 1851 1223 1908 lioc
1238 1851 1342 1908 scilicet
1363 1869 1370 1905 :
1391 1851 1453 1924 quia
1467 1851 1512 1907 lex
1527 1849 1656 1907 naturalis

88 1958 187 2016 „grim
201 1966 243 2015 est
257 1959 357 2029 forma,
373 1976 437 2034 qua,
447 1960 595 2034 imaginem
605 1960 656 2016 Dei
669 1959 806 2018 deforma,
854 1937 883 1994 in
898 1939 1008 1996 homine
1029 1939 1185 1996 dominatur
1209 1948 1309 2012 quanto
1329 1947 1451 2012 tempore
1474 1938 1555 2008 vivit,
1582 1939 1655 2012 quod
1756 2008 1759 2013 .

89 2047 204 2104 affluit,
854 2043 910 2084 non
937 2027 1042 2084 debetis
1071 2029 1213 2101 ignorare,
1239 2028 1301 2100 quia
1326 2028 1415 2100 legem
1436 2028 1531 2095 scitis,
1554 2034 1580 2083 et
1601 2042 1655 2101 ego

853 2114 949 2189 loquor
963 2116 1112 2173 scientibus
1124 2117 1234 2188 legem?
1243 2117 1271 2171 iri
1287 2133 1340 2188 qua
1357 2117 1430 2189 quod
1446 2117 1508 2172 dico
1522 2115 1654 2171 manifes-

854 2211 936 2274 tatur,
951 2205 974 2260 si
990 2205 1162 2277 spiritualiter
1170 2205 1344 2276 intelligatur,
1354 2206 1398 2261 rel
1413 2204 1456 2260 lex
1469 2204 1555 2276 Moysi
1570 2204 1654 2261 domi·

853 2301 931 2348 natur
946 2293 973 2348 iu
989 2293 1108 2359 homine,
1127 2301 1157 2349 ut
1179 2293 1204 2349 ei
1227 2294 1351 2360 obediat3
1374 2292 1436 2364 quia
1459 2300 1486 2348 et
1512 2308 1561 2348 vos
1577 2292 1653 2348 scitis

852 2381 943 2455 legem
957 2382 1053 2455 lloysi,
1068 2383 1223 2439 scientibus
1235 2384 1322 2449 enirn,
1339 2390 1391 2438 etc.
1408 2382 1442 2435 Et
1455 2381 1495 2437 sic
1509 2380 1653 2452 dupliciter

851 2477 942 2542 potest
956 2469 1010 2544 legi
1024 2469 1120 2536 littera,
1147 2470 1190 2526 vel
1211 2471 1246 2526 de
1267 2470 1328 2542 loge
1343 2468 1468 2534 naturali,
1485 2469 1528 2525 rel
1540 2469 1575 2524 de
1589 2469 1652 2543 lege

852 2558 980 2616 llosaica.
1001 2560 1080 2617 Vicit.
1096 2559 1201 2616 Mortua
1214 2558 1287 2616 enim
1301 2557 1401 2615 dicitur
1416 2558 1469 2626 lex,
1483 2572 1545 2614 cum
1559 2565 1652 2614 cessat

852 2647 910 2717 ejus
924 2647 1080 2704 auctoritas.

89 2176 126 2218 is.
144 2164 187 2218 is.
200 2192 236 2203 -
259 2163 432 2230 damasium,
457 2169 511 2219 etc.
536 2163 674 2220 Hactenus
687 2161 805 2220 ostendit

89 2249 153 2308 olus
162 2267 217 2306 nou
232 2267 294 2306 esse
310 2250 491 2323 peccandum.
508 2251 558 2309 Hic
572 2252 637 2309 dicit
651 2252 717 2326 quid
731 2252 806 2308 dein-

89 2338 270 2413 iitagendum
291 2348 318 2395 ut
343 2339 446 2396 scilicet
469 2341 605 2396 serviatur
624 2341 744 2411 justitiae,
769 2342 803 2398 de

90 2426 163 2484 ullus
184 2428 289 2500 estqui
313 2428 400 2500 possit
424 2444 454 2484 se
477 2444 618 2500 excusare,
635 2430 803 2502 quianullus

90 2514 108 2572 ii
122 2532 179 2572 non
193 2517 279 2588 possit
291 2517 361 2572 bene
375 2517 495 2588 operari,
519 2518 618 2574 saltem
640 2518 779 2576 voluntate
795 2537 801 2574 :

91 2603 166 2662 idern
181 2613 222 2661 est
236 2622 287 2676 per
300 2605 429 2679 gratiam.

91 2697 124 2752 ia
140 2695 219 2751 caim
237 2695 417 2764 exhibuistis,
436 2702 488 2751 etc.
507 2694 602 2765 (doc.)
618 2693 646 2750 Si
660 2709 715 2751 non
728 2695 801 2766 plus,

91 2789 196 2840 rantum
211 2790 284 2852 tunc,
301 2799 336 2839 ne
352 2782 420 2839 sides
435 2782 514 2856 quasi
524 2800 618 2856 aspera
634 2791 661 2840 et
674 2783 802 2856 importa-
887 2762 972 2818 vm·
983 2765 1010 2819 ²·
1027 2793 1062 2802 “
1076 2763 1147 2818 Nam
1157 2778 1218 2835 paae
1232 2763 1282 2819 iub
1306 2763 1374 2820 ”27⁰-
1391 2762 1425 2819 Ul
1440 2758 1529 2817 firmil
1543 2759 1650 2816 animm

91 2871 232 2945 ageretur,
851 2864 956 2921 eorum,
972 2849 1098 2922 exemplo
1108 2851 1233 2907 humanae
1246 2851 1316 2924 legis
1337 2850 1430 2907 utitur.
1453 2849 1546 2906 Sciunt
1559 2848 1650 2921 legem

92 2967 117 3017 pr
130 2969 195 3017 runc
210 2961 300 3015 nullus
324 2960 405 3017 rimo,-
425 2960 525 3033 coegit,
542 2960 592 3016 sed
607 2961 692 3017 libido
705 2960 802 3034 volup,
851 2938 975 3011 Romani,
990 2939 1122 3012 quianon
1138 2947 1200 2994 sunt
1215 2938 1338 3004 barbari,
1355 2939 1404 2995 sed
1419 2936 1564 2994 naturalem
1572 2936 1652 3006 jusii-

92 3065 99 3107 i
123 3049 228 3122 peccati
251 3049 336 3120 uuirt,
362 3049 402 3106 sic
426 3049 509 3105 modo
528 3049 672 3106 delecuiio
689 3050 837 3146 justitiaC
851 3028 917 3083 ‘iim
934 3028 1224 3130 comprehenderunt,
1253 3028 1351 3100 pariam
1379 3044 1413 3085 ex
1440 3026 1555 3097 aiacis,
1580 3025 1650 3083 sicut

92 3152 115 3210 e,
130 3138 182 3195 etsi
197 3138 318 3194 nondum
341 3137 479 3211 perfecta,
503 3138 576 3194 unde
589 3138 656 3194 dixit
673 3156 679 3195 :
697 3141 801 3196 liuma-
852 3116 942 3174 Gfaeffl
955 3126 982 3174 el
996 3118 1115 3174 Hflblaeb
1516 3203 1521 3216 ⁸

843 3239 846 3245 ,
887 3208 972 3263 Vnus.
983 3210 1009 3262 3.
1027 3208 1281 3280 -lpiturcivciitc
1295 3207 1409 3274 ιηανίιο,
1426 3212 1478 3261 etc.
1494 3203 1524 3260 Si
1536 3219 1650 3260 servans

97 3331 186 3373 abac,
204 3314 275 3384 Quia
292 3317 353 3387 plus
368 3316 451 3371 etjam
465 3315 579 3373 deberet
592 3317 675 3373 amari
687 3316 799 3387 justitia,
852 3296 942 3369 legem
954 3303 1099 3361 mortuam,
1116 3295 1172 3350 vult
1186 3311 1247 3350 esse
1263 3293 1337 3364 sidei,
1353 3293 1458 3349 adulter
1472 3300 1514 3349 est
1528 3293 1556 3348 in
1572 3301 1651 3348 utro·

97 3411 164 3461 tuno
177 3404 227 3458 init
241 3403 377 3476 iniquitas,
387 3413 416 3459 ut
429 3420 480 3477 pro
492 3405 597 3474 justitia
611 3406 706 3462 toleret
720 3408 801 3463 homo
851 3399 914 3456 que,
932 3399 983 3440 nac
997 3384 1110 3455 prodest
1134 3383 1159 3439 ei
1187 3383 1321 3438 Christus.
1347 3384 1376 3440 Si
1398 3386 1495 3439 cutem
1516 3386 1648 3439 mortuas

94 3508 121 3564 3,
135 3500 163 3549 03
177 3500 333 3550 contemnat
343 3493 443 3562 omnia,
459 3493 542 3549 etjam
556 3503 684 3550 monem·
850 3473 939 3544 suerit
953 3473 1006 3529 vir.
1025 3472 1069 3527 Sic
1084 3470 1159 3526 finita
1178 3471 1240 3543 lege
1260 3486 1315 3527 non
1336 3471 1540 3543 praevaricatur,
1556 3469 1602 3543 qui
1614 3469 1649 3525 ad

851 3560 988 3616 Christum
1000 3560 1097 3615 transit
1111 3559 1348 3633 dimissisbguris.

886 3649 970 3705 Vnus.
988 3652 1013 3704 l.
1030 3651 1245 3722 -Pcrccrpus
1258 3649 1372 3705 Christi.
1390 3646 1459 3715 Quia
1473 3645 1654 3703 Christusfuit

850 3737 971 3820 impletio
992 3744 1019 3793 et
1041 3739 1142 3793 i·eritas
1159 3754 1165 3793 :
1184 3737 1284 3809 legalia
1308 3751 1372 3793 vero
1395 3735 1484 3808 figura
1506 3743 1533 3791 et
1553 3735 1649 3791 mnbra

850 3825 949 3882 Christi
971 3824 1089 3894 suerunt,
1114 3834 1140 3883 et
1163 3842 1257 3882 eorum
1282 3841 1343 3898 quae
1365 3824 1392 3879 in
1411 3822 1518 3882 Christo
1539 3822 1649 3896 impleta

850 3922 923 3970 sunt.

94 3622 122 3664 s.
139 3611 184 3666 2⁰.
201 3638 235 3649 -
250 3609 356 3665 libori.
379 3609 501 3665 Libertas
525 3609 597 3666 servi
619 3618 670 3677 est,
693 3609 800 3682 quando

95 3710 189 3754 occare
205 3696 332 3763 delectat,
358 3698 431 3769 quod
455 3705 496 3753 est
519 3715 552 3754 ex
575 3697 661 3754 libero
675 3697 799 3754 arbitrio.

95 3783 158 3842 liter
184 3786 277 3852 servit,
301 3785 347 3858 qui
370 3787 534 3842 voluntatem
558 3787 666 3842 Domini
684 3787 801 3842 libenter

95 3872 170 3932 tibet
181 3874 291 3943 justitian
310 3873 396 3931 libere
418 3875 510 3946 seruit,
537 3875 583 3948 qui
598 3883 678 3942 amat,
694 3875 740 3948 qui
754 3875 800 3933 lae-

886 4030 972 4086 Vnus.
988 4033 1014 4086 b.
1031 4059 1065 4070 -
1078 4029 1147 4086 Cam
1161 4031 1238 4086 caim
1246 4045 1379 4086 essemus.
1389 4028 1439 4085 llic
1452 4035 1565 4100 quatuor
1573 4032 1650 4082 actus

850 4119 968 4175 hominis
988 4118 1075 4190 ponit,
1100 4126 1161 4173 ante
1182 4118 1284 4191 legem,
1307 4117 1357 4173 sub
1381 4117 1454 4191 lege,
1471 4116 1522 4172 sub
1537 4114 1647 4190 gratia:

849 4206 949 4263 deinde
963 4206 993 4261 in
1004 4205 1058 4262 alia
1072 4206 1126 4263 vita
1138 4205 1185 4262 nbi
1199 4206 1304 4262 nullum
1319 4205 1432 4262 bellurn.

886 4297 970 4351 viis.
983 4299 1009 4351 6.
1025 4326 1060 4336 —
1075 4297 1156 4353 Nunc
1178 4300 1283 4362 autem,
1310 4303 1363 4351 etc.
1386 4293 1481 4365 (duc.)
1495 4293 1527 4347 in
1540 4307 1648 4364 praeoe-

849 4384 924 4441 denti
937 4383 1113 4440 similitudine
1129 4384 1178 4439 tria
1192 4393 1254 4440 sunt
1266 4402 1273 4440 ε
1284 4384 1336 4450 vir,
1350 4391 1415 4453 eto,
1425 4396 1512 4455 asqitc
1526 4381 1562 4436 ad
1576 4380 1650 4452 quod

857 4489 918 4529 eum
932 4490 987 4530 non
997 4473 1112 4530 vincant.

880 4562 901 4618 i
919 4565 978 4635 icco
991 4564 1197 4620 morticinam
1211 4569 1253 4616 est
1269 4560 1342 4617 enlin
1350 4557 1570 4631 coucupiscentia
1579 4571 1643 4614 cum

845 4651 889 4707 lex
902 4651 1059 4722 prohiberet
1078 4651 1124 4706 ubi
1148 4638 1204 4706 non
1224 4657 1279 4705 erat
1300 4647 1378 4716 tides,
1403 4656 1429 4703 et
1452 4647 1487 4702 ad
1506 4646 1647 4703 cumulum

844 4748 1029 4813 peccatorum,
1054 4738 1286 4811 praevaricationis
1308 4737 1413 4794 crimen
1432 4736 1570 4806 adjectum
1585 4744 1647 4802 est3

96 4082 124 4125 s.
138 4071 184 4126 21.
200 4099 235 4110 -
246 4070 332 4138 Quem
357 4087 419 4143 erqo
436 4073 575 4142 fractam.
592 4072 801 4127 llaecrememo-

96 4156 148 4215 'scii
160 4157 253 4230 priora
269 4159 427 4226 abhorrere,
445 4168 472 4215 et
488 4160 576 4237 magis
591 4160 724 4216 obnoxios
737 4176 801 4234 gra·

96 4245 251 4303 rubescitis.
266 4247 316 4302 Est
329 4247 402 4303 enim
424 4248 547 4320 quiedam
562 4248 717 4321 temporalis
731 4264 800 4305 con·

97 4334 211 4401 scilicet,
228 4335 405 4407 perturbatio,
416 4336 499 4392 animi
508 4336 678 4408 respicientis
691 4344 801 4410 peccata

97 4429 106 4478 t
118 4423 289 4494 respectione
300 4425 445 4492 horrentis,
462 4433 489 4480 et
502 4427 614 4481 horrore
630 4427 841 4504 erubescor-1)

101 4511 290 4568 ambescendo
304 4512 473 4587 corrigentis.
500 4515 577 4570 Finis
592 4516 718 4584 illorum,
736 4522 791 4571 etc.

97 4613 157 4657 nors
171 4609 212 4655 est
225 4601 306 4674 digna
321 4603 461 4658 retributio
471 4618 521 4674 pro
535 4612 647 4673 peccato
659 4621 666 4657 :
678 4604 728 4659 sed
741 4603 797 4659 vita

98 4707 112 4756 i,
122 4704 183 4762 quae
196 4698 237 4745 cst
253 4689 315 4745 sinis
325 4690 471 4761 justorum,
481 4692 540 4747 sola
554 4693 642 4766 gratia
656 4693 735 4747 datur
748 4709 798 4764 per

98 4792 147 4848 mi,
163 4778 225 4850 quia
239 4786 264 4833 et
279 4779 376 4835 marita
392 4796 425 4836 ex
439 4780 537 4853 gratia,
553 4789 580 4837 et
592 4781 722 4838 reddetur
735 4797 796 4854 gra-
885 4829 890 4840 .
961 4829 967 4839 .
1131 4835 1134 4840 ,
1351 4826 1356 4836 .
1404 4825 1409 4836 .

846 4845 908 4901 quia
924 4829 969 4884 ubi
983 4845 1039 4885 non
1054 4837 1096 4883 est
1110 4829 1163 4893 lex,
1176 4844 1227 4883 nec
1241 4833 1439 4898 praevaricatio.

99 4874 211 4940 igratia.
435 4985 440 4998 ι
526 4987 531 4998 Ι
705 4985 711 4997 .
881 4920 914 4974 1„
924 4918 1051 4976 novitate
1065 4919 1194 4991 spiritus.
1212 4915 1348 4987 Operibus
1363 4914 1427 4971 novi
1441 4911 1569 4980 hominis,
1587 4928 1648 4985 quaa

99 4996 121 5039 a.
135 4985 181 5042 ἤ.
192 4984 395 5083 -Nuiicvero
421 4985 542 5041 liberati.
563 4985 658 5059 (linc.)
683 4986 797 5043 Liberos
845 5022 901 5063 „011
915 5006 1016 5063 ,miris
1030 5006 1133 5063 viribus
1149 5004 1193 5063 vel
1215 5004 1277 5078 lege
1298 5003 1466 5076 attingimus,
1483 5002 1532 5059 sed
1547 5001 1645 5074 gratia,

99 5076 205 5171 mium,
220 5088 284 5170 ‘non
309 5072 435 5171 liberatos
459 5091 592 5174 :nunc-a
614 5083 727 5146 peccato
737 5090 796 5174 ’non
845 5095 949 5152 scilicet
962 5096 1072 5168 spiritus
1093 5095 1121 5150 in
1145 5094 1244 5167 quibus
1263 5093 1303 5149 sic
1329 5102 1370 5148 ast
1391 5091 1598 5159 immorandum,
1616 5099 1646 5147 ut

100 5174 161 5230 ,ne
175 5160 226 5216 sibi
241 5162 293 5217 boc
306 5161 436 5232 tribuant,
451 5163 500 5218 sed
516 5163 580 5219 dicit
594 5163 710 5234 proinde
725 5162 797 5218 hbe·
846 5184 913 5239 nihil
927 5185 1043 5241 addatur
1056 5185 1091 5241 de
1105 5184 1177 5259 legis
1191 5182 1332 5254 operibus,
1343 5198 1404 5253 <1¹1ae
1413 5188 1519 5237 velum
1528 5187 1600 5237 sunl·

100 5248 128 5306 id
143 5249 304 5307 sententiam
321 5250 453 5306 Domini:
470 5252 500 5308 Si
524 5252 614 5308 Filias
633 5269 679 5309 vos
695 5253 796 5309 libcra-
881 5273 967 5328 vm·
983 5274 1010 5329 7,
1026 5303 1061 5315 ..
1077 5274 1148 5341 Quid
1167 5289 1231 5345 erqo
1252 5274 1387 5329 dicemus,
1414 5268 1643 5343 Quandoquidem

100 5352 154 5396 ’Μ
170 5339 251 5395 liberi
259 5339 339 5395 mili
356 5341 448 5410 ΝΟΜ·
459 5340 534 5411 νΙΙΙ)·
846 5362 888 5418 lex
899 5361 995 5418 mortis
1009 5371 1049 5418 est
1064 5372 1090 5418 et
1105 5361 1178 5418 auxit
1188 5363 1261 5418 vires
1277 5361 1392 5434 peccati,
1404 5359 1528 5415 detineris
1542 5373 1559 5414 a
1573 5357 1646 5413 bona

100 5427 188 5484 mdia·
205 5427 302 5483 MelilO
317 5429 491 5498 stipendium,
513 5430 575 5501 <lula
589 5429 690 5485 millii&
705 5427 798 5484 diabo
846 5451 1018 5523 operatione3
1041 5451 1149 5508 videtur
1166 5468 1232 5524 ergo
1254 5451 1298 5507 lex
1320 5456 1474 5522 peccatum,
1491 5448 1519 5502 id
1539 5453 1578 5502 est
1593 5444 1643 5498 do·

101 5531 155 5573 ¹⁰¹⁸
178 5524 281 5572 aeleffla
302 5525 429 5589 linquam
452 5517 572 5576 debitum
593 5518 723 5574 redditus·
749 5517 797 5574 cui
847 5556 913 5597 coiis
927 5554 1053 5613 peccare,
1068 5540 1111 5598 uel
1125 5540 1184 5596 talis
1204 5557 1253 5613 pro
1269 5555 1323 5613 qua
1338 5538 1438 5595 donata
1453 5531 1575 5607 peccavit
1590 5546 1642 5586 au-

101 5611 126 5662 ti
137 5619 268 5663 0⁰¹”011ffl11
279 5605 371 5674 justus
381 5607 478 5679 iudex,
495 5607 798 5682 Slss0¹¹d⁰¹1⁸⁵⁸²liii⁸·
848 5637 905 5688 otor
919 5628 988 5701 ejus,
1003 5628 1082 5703 quasi
1104 5629 1182 5688 malae
1203 5629 1253 5687 roi.
1279 5630 1351 5695 Non,
1375 5625 1424 5683 sed
1438 5623 1529 5696 potius
1542 5620 1643 5675 bouum

102 5743 186 5789 rior.
207 5729 301 5787 cxlv.
1450 5721 1484 5773 ic
