3772 6112
180 234 233 291 ant
482 233 684 290 wanaamol
698 233 821 291 saltam
834 233 936 292 FULD.
951 232 1039 291 MON.
1056 232 1133 292 OPP.
1149 233 1239 293 PARS
1250 235 1272 292 1.
1287 233 1570 293 -Tflnotoalc'a
1784 238 1834 295 818

181 365 244 414 sunt
252 357 351 426 vocati,
360 358 439 429 pauci
449 374 515 416 vero
528 358 607 414 electi
619 359 720 429 (Motth
729 359 814 430 xxx).
833 380 844 408 ι
861 359 903 415 hd
919 360 1010 422 ειη-Α
1029 360 1166 429 virtutum,
1178 377 1240 432 quae
1248 360 1385 432 quomodo
1395 361 1431 415 ab
1445 360 1489 416 his
1502 361 1690 416 observentur
1707 360 1736 417 in
1745 359 1838 420 Exodo

180 461 231 503 nes
245 447 318 502 enim
339 448 462 519 pervenit
480 447 669 519 Evangelium.
686 448 784 503 Dicant
799 456 888 503 autem
918 465 981 519 pre·
1030 449 1199 520 scripsimus,
1216 448 1367 506 sanctificet
1377 449 1443 504 illud
1460 447 1838 508 rabimmuuditiisfiliorum

181 550 228 592 ces
243 535 319 592 fundi
334 552 417 607 super
431 552 543 606 caprum
559 536 732 591 emissarium
747 538 812 591 dum
826 537 981 594 infidelibus
1031 539 1126 606 lsrael,
1145 560 1156 589 ι
1173 540 1226 595 hoc
1241 547 1282 594 ost
1295 555 1346 609 per
1360 540 1517 610 passionem
1532 555 1612 594 suam
1621 537 1780 611 pacificans
1791 554 1836 596 au·

181 633 282 682 oeterno
298 626 429 698 ingeritur
442 624 606 681 maledictio.
623 625 675 695 Qui
689 626 858 681 dimittuntur
871 627 899 682 in
913 626 981 681 soli·
1030 628 1156 700 golorum
1170 628 1279 697 choros,
1296 644 1330 683 ne
1345 628 1499 683 inimicitias
1515 628 1587 683 ultra
1602 635 1717 700 propter
1741 643 1837 700 pecca·

181 713 283 781 tudine,
299 713 383 768 idest
398 713 426 767 in
452 713 655 769 damnationem
678 723 849 786 perpetuam,
879 716 981 771 Christi
1031 714 1087 770 lum
1103 716 1234 790 originale
1249 716 1287 770 illi
1303 717 1473 772 exhiberent.
1493 738 1505 768 ι
1527 716 1678 788 Postquam
1703 717 1836 775 emunda·

74 880 77 884 Δ
181 819 246 859 ιειο
261 802 387 858 divinitas
397 818 507 874 sempor
520 811 561 858 εει
575 811 601 858 ει
617 802 666 858 ιιιιι
680 802 709 858 ιιι
724 804 785 859 sinu
814 803 980 870 Patris3ubi
1032 804 1098 862 verit
1114 806 1299 861 sanctuarium
1313 814 1340 861 et
1355 805 1572 874 tabernaculum,
1589 814 1616 861 et
1631 805 1736 862 altare.
1756 806 1834 864 »Eat

180 891 242 947 ideo
256 890 373 946 solitudo
387 892 462 957 dicit,
480 892 542 964 quia
566 892 633 947 nulli
647 900 746 964 praeter
760 893 845 964 ipsam
861 892 981 949 Trinita·
1029 893 1132 966 paratis
1146 894 1303 951 omlostibus
1318 903 1344 949 ει
1360 894 1486 949 humanis
1494 911 1543 965 per
1549 895 1715 965 passionem
1726 893 1832 952 Christi.

179 987 234 1036 tem
261 980 297 1035 ad
316 979 447 1053 liquidum
475 988 548 1052 patet
576 981 691 1052 qualiter
716 997 857 1037 saeorum
881 991 982 1038 aeterna
1031 981 1145 1039 offertur
1166 983 1259 1038 hircus
1279 983 1385 1049 vivens,
1410 982 1469 1054 ipsc
1494 982 1619 1038 Christus
1635 982 1769 1040 videlicet
1782 981 1835 1041 sina

179 1067 318 1126 contineat
332 1070 460 1137 essentia,
477 1085 573 1125 eorum
587 1070 648 1125 dico
664 1071 693 1125 iu
707 1071 842 1141 personis,
867 1072 925 1141 ejus
954 1071 982 1125 ιιι
1032 1079 1153 1142 ρεεεειο,
1170 1079 1281 1142 peccata
1295 1077 1388 1127 nostra
1403 1072 1556 1126 secundum
1571 1071 1727 1128 divinitatis
1744 1079 1834 1142 poten·

178 1157 338 1214 substantia.
351 1156 405 1225 Qui
419 1175 516 1214 sensus
530 1160 564 1214 de
574 1160 681 1213 duabus
696 1159 796 1214 Curiati
810 1160 915 1215 naturis
934 1177 983 1230 ap-
1032 1160 1097 1214 ham
1112 1160 1247 1215 dimittere
1263 1160 1433 1232 proponitur.
1453 1161 1464 1211 ἰ
1490 1160 1586 1215 Posito
1608 1168 1731 1232 utraque
1758 1176 1836 1218 maun

179 1246 231 1302 tior
244 1246 359 1316 videtur,
378 1247 424 1319 qui
439 1247 485 1303 ille
501 1247 576 1302 solus
591 1248 648 1302 tulit
663 1257 776 1318 peccata
804 1248 898 1303 mundi
927 1263 983 1303 non
1033 1256 1116 1314 Super
1129 1252 1208 1314 caput
1222 1244 1290 1312 ojus.
1301 1245 1463 1314 «Debemus
1474 1243 1547 1299 enim
1567 1244 1833 1313 manibusexteusis,

178 1342 208 1391 ut
221 1334 273 1389 sibi
288 1335 411 1400 haberet,
427 1336 476 1391 sed
491 1344 519 1390 ut
530 1336 639 1407 penitus
654 1337 811 1408 perimeret.
828 1335 908 1410 Elige
928 1337 982 1392 sibi
1032 1339 1061 1387 ιιι
1075 1348 1105 1388 εε
1119 1333 1272 1387 meminerit
1285 1349 1336 1402 pro
1352 1333 1431 1388 nobis
1446 1349 1544 1387 manus
1568 1332 1597 1388 in
1628 1348 1715 1389 cruce
1747 1341 1834 1389 exten·

177 1424 297 1498 prudens
311 1424 397 1481 lector
408 1425 659 1497 quodsequandum
669 1426 758 1498 magis
768 1425 903 1496 videatur,
918 1426 982 1480 dum
1033 1421 1117 1488 disse,
1133 1437 1196 1477 cum
1210 1420 1362 1477 humillima
1376 1421 1480 1477 scilicet
1496 1420 1698 1491 supplicatione
1723 1430 1832 1492 peccata

178 1512 206 1569 in
220 1512 422 1570 omnibussrdei
438 1529 493 1570 non
507 1515 615 1570 vacillet
646 1515 841 1571 auctoribus«
870 1517 983 1571 Assum·
1033 1509 1203 1580 confitentes
1220 1511 1389 1579 majestatem
1400 1511 1458 1580 ejus
1469 1525 1595 1577 exorare,
1613 1510 1678 1583 quia
1692 1508 1833 1567 fidelisest

177 1609 278 1673 ptoque
294 1601 462 1671 thuribula«
481 1611 508 1660 et
519 1604 633 1675 reliqua.
644 1603 702 1659 Hoc
717 1603 983 1676 vatillum,linguam
1033 1607 1059 1655 et
1074 1600 1202 1656 remittet.
1219 1600 1290 1655 Vere
1305 1599 1378 1654 enim
1392 1599 1541 1672 languores
1567 1605 1679 1654 nostros
1709 1598 1770 1672 ipse
1795 1607 1833 1656 tu·

176 1690 355 1766 intelligimus
370 1692 548 1761 Dominicam,
565 1708 627 1748 eum
642 1709 696 1764 qua
710 1693 799 1759 nobis,
816 1708 918 1764 prunas
942 1693 976 1748 de
991 1719 1018 1780 B
1033 1688 1072 1754 lit,
1089 1695 1140 1743 etc.
1159 1709 1171 1738 ι
1189 1688 1298 1743 Ειιιιιιει
1313 1705 1376 1744 ειιιιι
1404 1704 1453 1759 per
1467 1688 1607 1744 hominem
1626 1695 1765 1759 paratum,
1784 1697 1835 1746 »et

177 1778 265 1846 altari,
282 1780 309 1836 id
324 1789 365 1836 est
378 1780 412 1836 de
428 1790 535 1837 secreto
550 1781 654 1837 coelesti
678 1781 808 1837 doctrinae
829 1781 978 1853 spiritualis
1031 1777 1147 1848 reliqna.
1162 1777 1255 1848 Ipsum
1269 1792 1319 1847 per
1333 1777 1422 1848 ipsum
1437 1776 1655 1848 mittimus,quia
1675 1792 1728 1832 sua
1739 1776 1833 1834 votau-

177 1868 303 1924 ardorem
318 1868 491 1925 ministravit.
510 1891 521 1920 ι
542 1869 578 1925 Et
590 1870 721 1925 hauriens
735 1886 818 1925 manu
847 1869 982 1940 composi·
1032 1873 1085 1921 tato
1100 1865 1136 1920 ad
1149 1881 1200 1921 nos
1214 1866 1298 1933 vonit,
1314 1873 1340 1921 ει
1353 1874 1383 1920 ut
1398 1865 1449 1922 sibi
1468 1865 1570 1937 placuit
1593 1881 1657 1921 sesa
1682 1865 1720 1921 ad
1742 1865 1832 1938 propi·

176 1963 233 2012 tum
248 1958 430 2030 tbymiama»
449 1965 475 2012 et
484 1958 635 2029 reliqua,id
650 1966 691 2013 εει
707 1974 814 2014 οιιιιιειιι
829 1959 981 2015 doctrinam
1031 1955 1151 2010 tiandum
1175 1954 1290 2023 reduxit,
1314 1963 1344 2010 ut
1365 1954 1424 2026 ipse
1438 1954 1475 2009 ait
1503 1971 1511 2011 τ
1529 1975 1542 2005 r
1566 1954 1735 2011 Potestatem
1749 1955 1832 2011 habeo

177 2061 253 2102 auam
269 2046 398 2117 operibus
412 2046 540 2101 virtutum
556 2055 598 2102 est
613 2045 744 2115 firmans,
762 2064 823 2118 quae
846 2048 979 2119 doctrina,
1031 2044 1150 2115 ponendi
1165 2044 1283 2099 animam
1299 2060 1398 2111 meam,
1418 2064 1429 2094 ι
1446 2049 1499 2100 ειε.
1518 2045 1611 2117 (loon.
1628 2045 1705 2116 x).r
1735 2045 1833 2101 Rever-

177 2134 205 2190 in
219 2135 361 2191 incensum
376 2143 417 2191 est
431 2136 540 2192 Domini
551 2144 655 2207 parata,
670 2137 732 2209 quia
748 2153 808 2208 quae
833 2137 924 2192 omnia
939 2137 979 2193 le-
1030 2141 1102 2190 tetur
1115 2136 1207 2189 Aaron
1221 2133 1256 2189 ad
1271 2133 1486 2190 Tabernaculum
1503 2133 1674 2202 testimonii3
1699 2155 1713 2186 ι
1729 2135 1782 2192 boc
1795 2142 1835 2192 est

176 2223 222 2289 cit,
239 2224 310 2279 Patri
324 2240 375 2295 pro
390 2225 476 2280 odore
494 2225 660 2281 suavissimo
686 2233 829 2296 acceptant
843 2233 931 2293 erant,
947 2226 982 2282 de
1032 2222 1105 2294 quod
1119 2223 1177 2294 ipso
1191 2223 1228 2278 ait
1244 2240 1251 2279 :
1269 2243 1281 2275 ι
1300 2224 1372 2279 Ecce
1386 2238 1439 2297 ego
1455 2239 1516 2279 sum
1531 2223 1679 2280 vobiscum
1702 2224 1835 2298 usquead

176 2328 231 2385 quo
241 2312 307 2367 dixit
320 2330 327 2368 :
339 2334 350 2362 ι
364 2314 414 2369 Ηιε
423 2320 465 2368 εει
479 2313 564 2368 Filius
579 2329 661 2369 meus
673 2313 799 2381 dilectus,
810 2314 901 2386 inquo
915 2314 983 2383 mihi
1030 2312 1293 2369 consummationem
1301 2310 1414 2368 saeculi»
1431 2311 1543 2384 (llotth.
1559 2312 1678 2383 xxviii).
1698 2313 1834 2386 ‹Deposi-

176 2401 328 2474 complocui
359 2401 469 2474 (llotth.
503 2403 556 2473 ιιι).
581 2423 592 2453 ι
622 2402 727 2459 «Ultra
746 2402 835 2458 velum
869 2403 982 2459 intrabit
1031 2402 1065 2457 tis
1080 2403 1210 2470 vestibus,
1229 2421 1241 2452 ι
1258 2402 1344 2470 idest,
1355 2416 1437 2457 carne
1447 2400 1556 2457 mortali
1570 2400 1710 2472 deposita,
1721 2401 1834 2460 immor·

174 2489 204 2545 iu
218 2498 321 2547 sancto.
336 2491 488 2547 ‚Ascendit
500 2491 613 2547 enimin
625 2492 722 2561 coelos,
735 2513 745 2543 ι
763 2500 864 2546 aeterna
878 2492 982 2548 redem-
1029 2491 1140 2547 talitatis
1166 2490 1253 2546 induit
1280 2490 1394 2564 gloriam
1410 2509 1417 2558 ;
1436 2510 1448 2540 ι
1466 2489 1567 2546 lavabit
1586 2506 1702 2547 carnem
1716 2508 1795 2548 suam
1808 2493 1836 2550 in

175 2579 389 2651 ptioneinventa
408 2581 502 2649 (Heba.
522 2580 574 2650 ιιι),
596 2601 607 2631 ι
627 2581 752 2651 «positis
781 2596 862 2651 super
887 2581 980 2654 ignem
1029 2583 1199 2639 locosancto
1216 2597 1223 2646 ;
1241 2600 1252 2630 i
1269 2579 1392 2635 Christus
1411 2593 1524 2635 carnem
1548 2589 1706 2651 susceptam
1729 2580 1833 2639 intinxit

175 2669 352 2725 aromatibus.
370 2689 381 2719 ι
399 2669 577 2725 Τοιιιιιιειιιιιι
593 2669 748 2740 quodlocit,
764 2678 876 2740 propter
890 2669 980 2726 chari·
1030 2668 1163 2742 sangnine
1191 2668 1335 2739 passionis.
1366 2666 1452 2724 Olfert
1479 2668 1673 2725 holocaustum
1688 2685 1834 2742 egressus,

176 2765 259 2814 tatem
273 2757 395 2814 exhibuit
410 2758 524 2814 diceus:
544 2779 556 2808 ι
576 2759 710 2826 llajorom
725 2759 887 2814 charitatem
900 2774 981 2815 uerno
1029 2758 1091 2830 quia
1105 2758 1140 2813 ad
1155 2759 1262 2812 Patrem
1268 2756 1419 2813 ascendens
1433 2765 1517 2813 totam
1532 2758 1772 2829 dispensationem
1786 2775 1835 2833 pro

175 2846 258 2902 habet
284 2862 366 2918 quam
394 2855 423 2903 ut
447 2846 566 2902 animam
582 2863 667 2902 suam
683 2855 776 2918 ponat,
795 2868 806 2898 ι
825 2855 877 2903 ειε.
896 2869 907 2898 α
923 2848 981 2902 Νε-
1027 2854 1123 2903 nostra
1137 2846 1224 2902 salute
1238 2846 1365 2917 explevit.
1384 2844 1470 2903 Offert
1486 2846 1606 2919 adipem,
1622 2847 1652 2904 id
1668 2856 1713 2905 εει
1726 2849 1832 2907 ιιεειιιε-

176 2935 240 2990 bula
254 2952 348 2992 eorum
364 2942 391 2990 et
405 2951 491 3006 vapor
506 2935 613 3006 operiat
630 2935 786 3005 oraculum,
805 2936 857 2991 »id
872 2943 922 3003 est,
936 2951 981 3007 pa·
1028 2937 1100 2992 rium
1110 2952 1198 3002 suurn,
1211 2951 1265 3008 quo
1289 2944 1408 2991 nostram
1425 2935 1541 2991 salutem
1551 2936 1671 2992 sitiebat.
1687 2937 1830 2996 «lllerero

174 3023 291 3081 cilicatio
307 3040 388 3096 quam
403 3041 454 3096 pro
469 3025 549 3079 uobis
564 3023 630 3080 lecit
645 3025 681 3078 ad
698 3026 804 3079 Patrem
818 3040 904 3096 usque
918 3042 982 3097 per·
1030 3026 1076 3098 qui
1108 3025 1242 3080 dimiserit
1274 3040 1387 3096 caprum
1420 3024 1603 3091 emissarium,
1627 3045 1639 3076 ι
1662 3033 1691 3082 ει
1719 3027 1831 3102 reliqna.

174 3112 248 3169 ιειιι
277 3129 359 3184 ειιρει
384 3129 479 3168 omnes
506 3113 620 3168 virtutes
643 3113 791 3184 angelicas.
809 3135 820 3164 ι
838 3112 924 3170 Τοιιει
940 3115 974 3171 (ιε
1033 3114 1166 3181 Christus,
1184 3115 1229 3188 qui
1244 3123 1357 3185 peccata
1376 3115 1496 3181 remittit,
1518 3114 1688 3185 Ecclesiam,
1712 3132 1775 3190 quae
1796 3125 1835 3175 ast

175 3201 308 3273 sangnine
320 3200 395 3256 vituli
406 3201 811 3274 etaspergetdigitosepties,i
826 3211 854 3257 et
868 3202 981 3274 reliqua,
1032 3219 1133 3275 corpus
1160 3204 1219 3272 ejus
1247 3211 1273 3259 et
1288 3203 1490 3272 vestimentum,
1515 3219 1532 3260 a
1553 3203 1693 3261 confessis
1716 3207 1834 3278 peccatis

176 3289 271 3345 Passio
286 3289 385 3345 Christi
398 3305 453 3345 non
465 3290 551 3362 solnm
560 3291 712 3358 hominum,
728 3291 778 3346 sed
789 3299 815 3346 et
822 3291 982 3365 angelorum
1031 3292 1188 3349 emundarit
1202 3309 1272 3365 aqua
1287 3293 1465 3364 baptismatis,
1478 3301 1505 3349 ct
1519 3293 1559 3351 sic
1572 3293 1748 3352 mansionem
1762 3311 1836 3364 snam

176 3377 279 3434 ordinis
292 3379 454 3435 restauratio
469 3378 527 3446 luit,
544 3380 606 3435 ideo
620 3380 655 3436 de
668 3380 802 3453 sanguine
815 3380 891 3436 vituli
906 3381 982 3438 illato
1031 3383 1059 3437 in
1073 3383 1174 3438 sanctis
1189 3382 1331 3439 collocavit
1349 3399 1354 3437 :
1372 3382 1415 3438 rel
1422 3383 1508 3450 aliter,
1525 3383 1672 3455 ingressus
1682 3392 1725 3441 est
1738 3394 1835 3453 εεειιι,

175 3464 283 3535 dicitur,
297 3488 309 3520 ι
322 3467 408 3542 digito
418 3468 550 3542 aspergit,
566 3489 577 3519 ι
593 3469 640 3542 qui
654 3485 736 3538 nunc,
750 3491 762 3520 ι
775 3477 888 3542 apparet
897 3469 983 3526 vultui
1030 3465 1059 3526 id
1074 3480 1115 3527 est
1130 3480 1192 3543 post
1206 3488 1258 3542 per
1277 3478 1366 3528 actam
1388 3471 1607 3543 redemptionem
1627 3473 1715 3530 caelos
1738 3489 1833 3532 εεεειι-

175 3555 227 3613 Dei
240 3573 291 3628 pro
304 3557 385 3613 nobis
400 3559 491 3628 (llcbr.
509 3558 562 3627 rx).
583 3577 595 3609 ι
620 3580 631 3610 ‹
651 3558 694 3614 hd
701 3558 843 3615 orientem.
856 3579 867 3609 ι
884 3558 983 3616 Oriens
1031 3561 1079 3616 dit.
1097 3585 1109 3610 ι
1128 3561 1247 3616 vitulum
1262 3568 1353 3617 autem
1368 3568 1395 3617 et
1408 3561 1516 3618 hircum
1531 3562 1577 3635 qui
1593 3578 1646 3634 pro
1660 3571 1776 3634 peccato
1783 3564 1834 3622 lna

174 3644 234 3718 ipse
247 3645 368 3702 Christus
385 3655 435 3712 est,
453 3647 499 3719 qui
512 3647 634 3718 seipsum
669 3648 755 3703 solem
774 3648 886 3718 justitiae
904 3647 984 3704 nobis
1031 3659 1104 3718 runt,
1121 3668 1132 3702 ι
1151 3650 1307 3724 etreliqua.
1324 3652 1445 3723 Utraque
1459 3651 1570 3707 victima
1580 3651 1723 3709 Christum
1733 3652 1831 3729 signill-

175 3742 302 3810 ostendit,
319 3743 353 3798 de
369 3759 423 3816 qno
437 3742 536 3799 dicitur
553 3761 560 3798 :
578 3765 590 3795 ι
608 3745 683 3800 Εεεε
693 3742 746 3811 vir,
762 3743 861 3800 Oriens
882 3760 983 3802 nomen
1036 3748 1090 3797 cat.
1106 3739 1187 3808 Quod
1202 3756 1265 3796 oum
1280 3739 1419 3807 cornibus,
1431 3747 1458 3795 et
1465 3740 1547 3811 pelle,
1560 3748 1588 3797 et
1598 3739 1665 3798 limo
1676 3745 1833 3800 comburan-

175 3831 234 3901 ejns
245 3833 340 3902 (Zacb.
353 3831 402 3903 ιιι).
416 3853 427 3883 ι
440 3833 481 3888 De
492 3832 616 3905 sequenti
627 3833 703 3890 hirco
722 3833 854 3889 similiter.
880 3835 982 3890 Emun-
1035 3836 1079 3885 tur
1094 3835 1171 3884 extra
1185 3837 1282 3898 castra,
1298 3828 1384 3884 innuit
1395 3828 1468 3900 qnod
1482 3829 1831 3889 DominusJesusChristm

174 3918 222 3976 det
245 3922 438 3977 sanctuarium.
464 3922 589 3977 Praesens
613 3922 685 3977 enim
708 3922 835 3979 Ecclesia
851 3923 982 3980 mundata
1030 3919 1059 3974 in
1073 3933 1123 3973 sua
1141 3933 1260 3988 persona
1288 3917 1490 3989 inseparabilis,
1507 3918 1554 3991 qui
1575 3926 1617 3975 εει
1642 3936 1729 3977 verus
1750 3922 1829 3990 oen,

176 3996 360 4082 estsanguine
377 4010 477 4065 Christi
490 4026 506 4064 a
521 4010 646 4065 sordibus
660 4010 872 4067 infidelitatis«
902 4012 982 4082 Quod
1029 4022 1080 4077 pro
1096 4007 1175 4062 nobis
1189 4014 1265 4061 extra
1279 4015 1386 4077 portam
1400 4023 1500 4079 passus
1511 4016 1562 4063 est.
1583 4008 1680 4065 Fimus
1706 4020 1829 4082 peccato

175 4095 258 4153 fixum
269 4097 345 4154 estin
360 4099 451 4155 medio
459 4099 578 4154 sordium
589 4099 756 4155 haereditatis
766 4116 896 4158 eorum.»
914 4100 982 4171 Quia
1032 4111 1092 4150 rum
1106 4103 1231 4150 nostrum
1243 4096 1343 4151 sordes
1357 4095 1485 4151 ostendit.
1512 4116 1527 4150 ι
1556 4095 1611 4167 Qui
1640 4106 1737 4156 autem
1763 4115 1830 4157 com·

175 4186 300 4245 Ecclesia
313 4193 356 4242 est
370 4187 397 4242 in
413 4188 504 4242 medio
518 4188 660 4244 nationum
692 4204 773 4260 quam
798 4189 831 4244 ab
846 4189 985 4262 originali-
1032 4183 1150 4239 busseril
1165 4198 1207 4254 ea,
1225 4205 1237 4230 ²
1254 4185 1407 4258 etreliqua·
1425 4184 1529 4258 Siquis
1544 4186 1618 4242 enim
1633 4203 1669 4243 ex
1684 4187 1829 4246 interiecto

174 4272 225 4328 bus
239 4272 367 4328 sordibus
382 4272 480 4328 Christi
507 4273 640 4330 adventus
655 4273 767 4346 eripuit.
786 4296 797 4325 ι
814 4273 910 4331 Νιιιιιιε
930 4277 982 4332 ho·
1032 4272 1106 4328 ribus
1124 4273 1181 4341 ejus
1204 4273 1366 4341 crediderat,
1388 4273 1546 4344 poenitentia
1566 4276 1728 4346 mundatus,
1744 4277 1773 4334 in
1785 4294 1829 4335 nu·

174 4361 277 4418 minum
293 4363 328 4417 sit
341 4362 369 4417 in
384 4362 558 4418 tabernaculo
573 4363 681 4435 quando
696 4362 817 4435 pontifex
831 4363 983 4436 ingreditur
1032 4378 1138 4418 mamm
1153 4361 1274 4419 fidelium
1289 4371 1416 4434 receptus
1430 4371 1482 4420 est.
1499 4384 1510 4415 ι
1528 4364 1623 4420 blense
1640 4367 1771 4438 septimo,
1788 4367 1829 4424 de·

174 4452 368 4520 sanctuarium,
387 4473 399 4503 ι
416 4460 443 4508 ει
457 4451 573 4523 reliqua.
584 4449 701 4521 Quando
709 4453 841 4508 Dominus
857 4445 1016 4510 ChristusD
1032 4447 1103 4502 cima
1117 4447 1172 4517 die,
1191 4468 1202 4498 s
1219 4448 1373 4520 etreliqua.
1400 4448 1501 4504 biensis
1526 4450 1663 4522 septimus
1686 4450 1828 4523 plenitudi-

172 4556 222 4612 per
236 4549 344 4597 uterum
359 4541 480 4615 Virginis
489 4541 621 4598 Ecclesia
631 4558 688 4598 suae
698 4558 728 4597 se
742 4542 898 4613 copulavit3
915 4559 983 4599 non·
1033 4552 1094 4592 nem
1103 4537 1235 4608 temporis
1242 4537 1337 4604 innuit,
1347 4536 1376 4593 iss
1391 4553 1444 4609 <1110
1458 4537 1531 4594 1111111
1545 4540 1621 4595 Deus
1633 4539 1733 4597 Filium
1743 4557 1825 4607 81111111,

172 4629 238 4685 dum
252 4639 311 4686 erat
326 4632 384 4701 ejus
400 4631 489 4686 unitas
505 4639 684 4706 congregata,
696 4631 767 4688 licet
780 4632 982 4704 antiquossan·
1032 4634 1084 4682 etc.
1101 4626 1206 4695 (Galat.
1223 4626 1273 4697 iv).
1289 4627 1400 4683 Decima
1408 4627 1468 4683 dies
1482 4626 1664 4699 perfectionis
1686 4630 1769 4706 legis,
1792 4630 1827 4687 si·

173 4725 232 4775 ctos
245 4718 281 4775 ad
294 4720 375 4790 hujus
389 4721 724 4794 structurampertinuisse
740 4721 900 4778 credamus.
919 4722 958 4778 llo
968 4750 983 4764 ·
1032 4723 1077 4771 cut
1092 4723 1119 4770 et
1134 4715 1257 4772 audreas
1272 4715 1377 4772 decima
1391 4717 1457 4772 hora
1472 4716 1528 4774 dici
1543 4733 1607 4774 curn
1623 4718 1711 4778 fratre
1735 4736 1786 4778 suo
1802 4719 1825 4775 in

173 4817 221 4882 gat
244 4818 336 4865 autem
358 4809 481 4866 Christus
504 4810 635 4866 sacerdos
652 4820 720 4882 «pro
736 4827 776 4879 se,
796 4832 807 4862 ι
825 4811 982 4867 secundum
1032 4804 1183 4878 Evangelio
1194 4805 1565 4880 adlesumvessisselegilur·
1582 4829 1594 4859 1
1611 4808 1678 4865 Sive
1690 4808 1825 4882 indigem.

173 4896 375 4969 humanitatem,
395 4920 407 4950 r
424 4906 451 4955 et
465 4914 515 4969 pro
530 4900 612 4956 domo
632 4915 692 4969 sua,
711 4921 722 4950 r
739 4899 767 4956 id
783 4907 825 4956 est
840 4900 979 4957 Ecclesia,
1031 4893 1089 4948 sive
1104 4894 1220 4963 advena,
1239 4914 1250 4944 ι
1267 4893 1294 4949 id
1310 4894 1416 4950 estsine
1429 4895 1549 4965 Judaeus,
1565 4897 1624 4952 sive
1634 4898 1758 4969 gentilis,
1769 4895 1826 4953 «ai-

177 4985 327 5059 ‹Cumqua
350 4987 445 5043 exierit
468 4989 503 5044 ad
523 4988 619 5060 altare,
644 4989 718 5061 quod
741 5004 836 5045 coram
863 4989 982 5046 Domino
1033 4980 1131 5054 fligefis
1156 4982 1310 5051 jejunantes
1324 4999 1411 5055 usque
1426 4983 1641 5056 advespflfflmt
1658 4985 1714 5044 hoc
1728 4994 1771 5044 082
1786 5003 1826 5043 aa

175 5081 226 5129 εει.
244 5095 256 5124 ι
272 5076 364 5131 Αιιειε
378 5076 445 5133 illud
460 5077 586 5134 ωειςερς
615 5078 730 5135 virtutes
739 5086 811 5145 suna,
835 5078 863 5134 in
882 5079 981 5151 quibus
1031 5077 1085 5125 tem
1099 5070 1262 5143 principium
1278 5071 1480 5143 praedicationis
1505 5073 1626 5131 Christi:
1647 5096 1659 5128 ι
1685 5076 1821 5133 Poeuitaa·

172 5160 301 5233 presidet
314 5165 397 5221 Deus.
413 5166 502 5239 Super
517 5183 586 5239 quas
601 5167 712 5239 ponitur
728 5167 847 5243 sanguis
871 5168 940 5224 hirci
954 5179 982 5227 et
1031 5159 1097 5215 liam
1124 5160 1207 5233 agite,
1235 5181 1246 5211 ¹
1277 5168 1328 5217 ²¹⁰·
1357 5182 1369 5212 ¹
1400 5158 1564 5236 Nu'numque
1591 5180 1663 5237 ⁰9⁰⁸
1683 5164 1824 5234 fflssiefissi‘

173 5249 259 5318 vanu,
275 5251 339 5324 quia
352 5251 406 5307 uus
420 5254 533 5311 muium
547 5255 650 5328 prona
674 5257 769 5329 passio
786 5256 896 5313 carisa.
913 5258 978 5314 uon
1031 5264 1126 5306 eorum
1141 5248 1268 5307 videlicet
1283 5266 1343 5323 qlae
1353 5251 1389 5306 ad
1404 5250 1670 5323 camaliarertinent
1685 5253 1828 5323 aestuosa,

170 5340 244 5399 enim
257 5339 360 5396 frustra
375 5341 412 5396 ait
426 5345 573 5414 Apostolus
590 5363 597 5400 ι
620 5366 631 5398 ι
650 5362 791 5403 renovare
807 5348 900 5404 omnia
917 5364 979 5421 qua
1030 5338 1101 5395 sicul
1111 5338 1228 5396 dicitur:
1242 5361 1254 5391 1
1266 5338 1425 5411 Operamini
1435 5355 1490 5396 11011
1499 5340 1601 5409 eibum,
1613 5342 1661 5414 qui
1671 5343 1753 5416 perit,
1767 5350 1827 5400 »elt-

171 5430 199 5488 iu
212 5430 289 5488 coelis
303 5438 375 5498 sunt,
392 5439 419 5486 et
433 5447 494 5504 quae
508 5432 536 5488 in
551 5435 631 5490 terris
651 5436 768 5510 (Epiros.
787 5436 819 5508 ι).
840 5457 852 5487 ι
1030 5441 1123 5513 (loon.
1139 5436 1190 5509 vr).
1209 5459 1221 5489 ι
1239 5438 1270 5493 ln
1284 5439 1334 5494 hac
1349 5436 1393 5495 die
1408 5437 1526 5511 expiatio
1540 5437 1602 5506 erit,
1617 5459 1629 5490 ι
1642 5449 1670 5497 et
1679 5440 1829 5515 reliqualn

208 5539 267 5598 Hoc
281 5539 368 5596 altare
383 5546 500 5614 quatem
510 5554 612 5597 camna
622 5541 714 5611 habet,
727 5543 791 5616 quia
803 5545 857 5602 illa
867 5545 980 5602 virtutes
1030 5538 1083 5594 hoc
1093 5537 1298 5611 enimtempore
1309 5538 1509 5595 emendationis
1519 5547 1628 5613 tempus
1639 5540 1776 5600 indultum
1784 5547 1827 5600 est.

175 5629 306 5705 angelica
328 5637 424 5707 quator
446 5637 557 5689 utuntur
580 5630 779 5711 principalium
811 5634 980 5693 ornamentis
1032 5635 1211 5694 «Sabbatum
1224 5635 1298 5694 enim
1313 5635 1492 5711 requietionis
1506 5644 1560 5708 est,
1579 5660 1592 5691 ι
1609 5638 1832 5701 sicutPsalmiatt
