3772 6112
111 325 182 381 nar
757 307 924 367 rossam
952 302 1191 360 nantuensis.
1588 286 1592 294 '
1695 305 1765 359 tata

113 449 157 505 Sis
172 445 240 503 mibi
257 457 341 516 quam
354 441 444 498 merui
457 440 541 513 longa
554 452 623 511 rogo
637 435 726 507 maior
738 433 853 491 amous.
930 428 1062 493 sooner
1076 436 1168 484 nostra
1181 426 1250 483 tides
1264 426 1391 483 meritum
1405 433 1563 482 succrescat
1576 424 1606 479 in
1619 424 1729 482 almum

116 536 242 607 Quantus
257 549 319 588 snm
332 531 390 599 tibi,
406 537 569 593 teutranno,
585 523 707 582 rescribe
721 539 772 596 per
786 523 878 588 istum,

117 625 195 681 Pacis
211 629 360 678 amatorem
374 626 486 684 nostre,
502 615 640 688 fidumque
652 621 834 686 sequestnrm,

116 715 225 784 Proque
241 717 353 783 rogante
368 723 430 774 ora,
445 722 480 762 ne
493 705 602 760 turbine
616 711 712 775 raptus
726 701 819 774 iniquo

116 802 179 860 Non
193 798 353 855 meminisse
366 796 405 851 tui
419 801 510 867 (meat,
526 792 590 849 hinc
602 792 631 848 in
645 791 729 847 saecla
742 789 844 847 saleto.

256 938 292 978 nn
311 934 427 987 ononuc
446 932 550 975 sonam
568 930 605 973 sn
623 905 776 974 marmus.

115 1045 177 1100 Nox
191 1047 251 1098 erat
265 1048 291 1095 et
307 1037 401 1112 magni
414 1035 527 1093 alternis
540 1051 589 1108 per
601 1031 710 1091 climata
725 1029 787 1089 omli

153 1127 267 1200 lgnibus
280 1129 415 1180 auxerunt
429 1129 504 1178 astra
518 1128 624 1175 remota
633 1117 733 1188 jubar;

118 1214 260 1272 Pollachnr
271 1211 392 1268 inlusum
407 1209 516 1266 Lethaeo
531 1222 645 1263 munere
659 1219 784 1262 somnum

152 1302 259 1358 Emotis
273 1298 355 1365 curls,
372 1296 461 1355 noctis
475 1296 585 1352 amabat
600 1311 677 1367 opes.

965 518 1043 574 Plura
1058 534 1119 591 quae
1134 516 1248 574 lecimus
1262 515 1342 572 nobis
1356 513 1457 572 delicta
1470 514 1590 581 remitte.

966 607 1001 664 Ut
1014 607 1122 662 reniam
1136 606 1232 662 dantes
1245 604 1369 662 laxemus
1381 603 1473 660 debita
1487 601 1614 669 fratrum,

964 696 1098 753 Naturam
1113 702 1235 751 nostram
1249 693 1322 751 mala
1335 709 1391 748 non
1404 691 1516 748 mnmtio
1531 689 1652 765 lmngat.

964 784 1026 841 Non
1042 792 1163 856 superet,
1177 783 1292 856 laqueos
1308 798 1342 838 nc
1356 782 1470 838 inducas
1483 780 1571 837 hostis
1585 779 1671 853 iniqui
1688 797 1694 834 :

965 873 1042 946 Ergo
1056 872 1120 928 mali
1133 871 1240 944 magnis
1255 880 1283 928 tu
1298 887 1349 927 uos
1363 869 1479 927 delendo
1493 869 1613 942 periclis,

965 963 1001 1018 lJt
1013 977 1165 1020 mereamur
1180 960 1250 1017 inire
1265 960 1302 1017 tui
1317 959 1370 1016 alta
1383 959 1419 1015 ad
1434 958 1549 1031 praemia
1563 957 1650 1030 regni.

967 1050 1023 1106 lsta
1038 1050 1158 1122 quidem,
1174 1048 1270 1115 lector,
1286 1049 1332 1121 qui
1348 1049 1412 1118 sim,
1426 1062 1575 1119 cognosce,
1590 1045 1709 1119 loquela.

1320 1205 1414 1247 ALlUD.

967 1319 1113 1389 llartperto
1126 1317 1217 1389 superi
1234 1325 1311 1388 septo
1326 1315 1479 1372 diademate
1494 1313 1573 1388 regni

117 1393 187 1449 Cum
202 1389 291 1446 subito
306 1386 433 1444 tenebras
449 1385 517 1441 lama
533 1392 574 1439 est
587 1383 663 1439 loris
677 1380 800 1454 armiger
814 1378 882 1435 ultas
967 1407 1102 1463 virtutum
1117 1407 1199 1462 ,imm
1216 1405 1347 1479 gradibus
1363 1405 1408 1477 qui
1423 1403 1532 1460 mdis
1546 1404 1699 1467 hombum'

155 1478 313 1546 Decutiens,
330 1475 417 1533 oculis
432 1475 507 1530 risus
522 1474 621 1529 adesse
637 1471 698 1527 uiri.

968 1495 1083 1551 Sersitio
1098 1495 1207 1551 Domini
1222 1509 1362 1566 nunquam
1376 1492 1526 1550 marcescis
1540 1492 1568 1547 in
1583 1491 1658 1547 omni

117 1570 218 1641 Perge,
233 1565 280 1633 ait,
296 1573 323 1622 et
337 1574 420 1621 terrae
433 1562 549 1618 nebulas
567 1558 730 1616 transcende
743 1563 917 1630 prementes;
968 1584 1083 1640 pectore
1099 1584 1151 1639 sub
1166 1582 1221 1639 fido
1236 1583 1351 1639 devotus
1365 1581 1480 1647 nuntiat,
1495 1582 1530 1637 N·

154 1659 258 1713 Ducam
272 1653 383 1719 etenim,
399 1668 453 1724 quo
470 1659 495 1707 te
509 1651 621 1722 praemia
635 1663 735 1721 magns
750 1652 867 1712 manent,

969 1671 1069 1728 Omnia
1083 1688 1145 1744 quas
1159 1670 1218 1727 fieri
1233 1679 1347 1744 possunt
1361 1669 1543 1727 famulaminis
1559 1669 1617 1736 ulli,

119 1746 207 1802 Laetus
219 1741 253 1798 ad
267 1742 326 1798 haec
339 1748 431 1813 grates
443 1738 564 1796 cementi
579 1744 678 1794 cuncta
692 1733 765 1807 quod
780 1748 883 1807 egram
933 1762 1037 1854 Reum
1049 1760 1177 1831 precibus
1191 1758 1254 1814 fidis
1269 1759 1349 1814 simul
1363 1759 1456 1814 omnig
1470 1766 1525 1814 ἰοί,
1540 1758 1644 1825 „1qu

154 1832 277 1902 Quaesitu
292 1830 375 1901 longo
389 1827 445 1884 uult
461 1828 558 1882 satiare
572 1825 700 1881 animam.

120 1923 187 1978 bles
202 1916 236 1977 ad
251 1916 304 1976 alta
318 1917 399 1983 uolat,
415 1915 594 1989 timidumque
606 1929 657 1986 per
672 1925 737 1968 aera
751 1918 852 1983 portat,

157 2009 252 2064 Donec
265 2015 400 2064 terrorem
414 2004 508 2077 purior
521 2003 607 2061 aetbra
619 2000 703 2057 dedit.

120 2096 250 2154 Daedalus
264 2093 309 2151 ille
323 2110 421 2162 nouus,
437 2094 535 2166 partim
551 2091 682 2147 suadente
696 2090 793 2145 timore

157 2185 259 2241 Partim
272 2197 488 2256 praeproperum,
504 2180 577 2254 quod
592 2178 652 2236 terit
667 2179 760 2235 horret
774 2177 835 2233 iter.

970 1848 1143 1920 Responsum
1157 1848 1241 1904 uestri
1253 1848 1364 1917 jamjam
1380 1847 1489 1904 venbse
1502 1847 1603 1918 cupiri,

970 1937 1037 1994 'lale
1051 1937 1124 2010 quod
1137 1952 1171 1992 cx
1187 1936 1266 1992 vobis
1281 1935 1383 1991 referat
1399 1935 1535 1990 solamina
1547 1934 1636 1991 nobis.

972 2027 1028 2082 l'os
1043 2041 1096 2097 ego
1110 2041 1160 2081 uos
1174 2040 1240 2082 vere
1252 2024 1349 2081 dubito
1364 2024 1411 2096 qui
1424 2022 1496 2079 velle
1510 2022 1629 2095 replere,

972 2114 1092 2170 Auribus
1104 2121 1134 2168 ut
1149 2113 1234 2170 vestri
1249 2112 1344 2169 disere
1356 2112 1494 2168 notamina
1507 2111 1606 2174 noemi.

972 2203 1022 2259 Vel
1037 2202 1136 2258 melius
1150 2201 1211 2268 sari,
1228 2201 1271 2257 uel
1287 2217 1402 2272 prorsus
1413 2214 1499 2272 posco
1513 2199 1621 2273 negari,

121 2273 256 2331 Sardibus
263 2270 352 2338 bisne,
360 2268 457 2343 inquit,
466 2266 770 2342 quisturgentmembra
778 2272 921 2338 grauatum
972 2291 1069 2347 Cordis
1082 2299 1112 2345 m
1125 2289 1247 2361 ambigui
1261 2289 1315 2346 0530
1327 2289 1435 2360 possin,
1448 2288 1556 2345 vincul,
1570 2285 1650 2344 mlvi·

159 2356 405 2434 Lucida'stelligeri
420 2375 464 2414 me
478 2357 546 2414 leret
559 2357 622 2413 aula
634 2354 714 2428 poli?

121 2451 194 2520 Quin
208 2456 299 2522 patere
314 2455 442 2504 excurrat
457 2445 567 2502 distenti
581 2444 687 2519 egestio
701 2442 814 2505 uentris,

156 2540 242 2595 Terra
256 2553 334 2593 suurn
349 2543 439 2592 seruet
451 2534 569 2607 pondus,
584 2532 666 2588 abibo
679 2529 758 2588 leuis.

122 2625 299 2700 Unguirapus
313 2633 429 2682 ventura
443 2622 533 2680 sciens
548 2618 665 2679 caudam
680 2636 729 2678 ore
742 2627 834 2676 teneto

159 2715 242 2782 Dixit,
258 2721 285 2769 et
299 2729 421 2787 expurga
435 2710 538 2777 loetids,
554 2725 671 2783 quaeque
685 2708 769 2767 celer.

122 2805 192 2859 Tum
207 2817 273 2858 vero
287 2810 314 2857 ut
328 2801 441 2873 longum
455 2796 573 2857 mundus
587 2797 695 2854 duraret
709 2796 737 2852 in
751 2811 849 2855 cauum.

160 2892 209 2946 llia
222 2906 274 2962 pro
288 2886 351 2947 totis
364 2887 470 2945 nisibus
485 2895 612 2945 evacuat.

123 2980 173 3036 llic
188 2974 290 3050 aqussa,
307 2976 456 3033 absurdum
471 2985 523 3044 est,
540 2974 639 3031 diuinis
652 2974 774 3046 sedibus,
789 2972 884 3047 inquit,

160 3069 296 3135 lnserere,
311 3072 442 3140 aspergat
457 3065 504 3137 qui
519 3065 580 3120 loca
594 3063 669 3119 celsa
684 3064 738 3119 lue.

123 3157 201 3228 Ergo
216 3155 276 3211 redi
291 3162 317 3210 et
332 3153 406 3209 strati
421 3152 517 3208 sordes
531 3149 641 3207 intende
655 3150 778 3223 relapsus

160 3246 219 3301 Nec
233 3258 329 3298 rursus
344 3257 440 3314 speres
456 3240 584 3297 sordibus
598 3247 671 3295 astra
686 3238 773 3313 sequi.

124 3332 266 3406 Evigilans'
281 3329 412 3404 quidquid
427 3346 528 3402 supero
543 3329 595 3384 sibi
611 3328 686 3383 risus
700 3327 734 3382 ab
748 3343 798 3383 axe

162 3421 298 3489 Fundere,
314 3436 364 3492 per
378 3419 477 3476 lectum
492 3417 613 3491 repperit
628 3416 669 3473 ire
684 3433 773 3473 suum.

126 3510 181 3566 Pro
196 3510 285 3581 pudor
300 3517 381 3584 atque
396 3508 482 3574 nelas,
499 3507 565 3563 risis
579 3506 713 3578 deceptus
725 3504 835 3578 iniquis.

973 2380 1047 2436 Sicut
1062 2379 1162 2452 gaudet
1175 2378 1234 2433 auis
1248 2377 1374 2434 laetantur
1389 2376 1500 2449 garrula
1513 2376 1609 2442 nmis,

973 2469 1093 2540 Corpore
1107 2467 1148 2523 sic
1162 2475 1255 2523 restro
1268 2465 1427 2538 gratulabor
1441 2466 1544 2536 sospite
1558 2465 1628 2530 uiso,
1703 2502 1708 2509 -

972 2556 1037 2614 llaec
1050 2571 1120 2630 rogo
1134 2571 1218 2611 uerus
1232 2569 1320 2621 amor,
1332 2555 1431 2626 iungat
1445 2568 1501 2610 non
1514 2552 1619 2609 diridet
1632 2562 1723 2609 error.

1107 2720 1222 2760 clamator
1237 2719 1372 2759 sinoncort
1387 2719 1474 2759 ,taxos
1489 2719 1539 2758 ΤΩΝ
1553 2717 1665 2758 ΑΙἎΘΩΧ.

973 2841 1044 2896 Patri
1058 2840 1157 2896 dilecto
1171 2841 1300 2896 uirtutum
1316 2839 1382 2897 darc
1397 2853 1496 2896 sereno

1008 2929 1141 3001 blathptes
1153 2943 1167 2981 s
1181 2927 1253 2984 lidus
1266 2936 1342 3001 optat
1354 2927 1457 3001 obtqua
1472 2927 1566 2985 decus.
1603 2926 1609 2933 ’

974 3017 1002 3073 Si
1016 3017 1082 3072 milri
1097 3014 1214 3074 millenis
1228 3016 1345 3074 lluerent
1360 3016 1542 3074 modulamina
1555 3014 1674 3085 bombis,

1010 3106 1073 3162 Non
1086 3113 1199 3179 possent
1211 3105 1278 3161 tanti
1292 3105 1377 3180 digna
1391 3120 1488 3162 sonare
1502 3103 1551 3161 tibi

975 3193 1064 3264 Quem
1077 3203 1166 3250 tamen
1181 3201 1210 3249 ut
1224 3202 1320 3266 potero
1336 3193 1434 3251 devoto
1447 3200 1560 3266 pectore
1574 3190 1667 3258 laudo,

1012 3282 1188 3338 Laudandum
1201 3283 1300 3339 merito
1314 3283 1481 3339 uomiersnte
1496 3296 1576 3338 sono.

976 3371 1014 3426 Te
1027 3386 1090 3426 curn
1105 3370 1274 3442 symphoniis
1289 3370 1463 3426 modulentur
1477 3369 1608 3442 lymmata
1621 3364 1714 3426 ternis.

1013 3458 1220 3530 Harmoniaeque
1234 3457 1319 3514 decus
1332 3465 1465 3513 consonet
1478 3473 1560 3514 omne
1573 3456 1631 3514 tibl.

977 3549 1092 3604 Tesssra
1107 3562 1168 3604 cum
1183 3544 1300 3602 modulis
1314 3545 1465 3602 conflentur
1477 3545 1506 3600 in
1521 3559 1626 3619 organa
1640 3542 1720 3600 trinls

1013 3638 1092 3693 Nunc
1106 3636 1156 3692 tibi
1170 3635 1334 3707 dyplasium,
1351 3650 1425 3691 nunc
1438 3633 1565 3705 diapente
1580 3641 1669 3690 sonet.

134 3723 196 3794 (llic
211 3721 286 3794 opud
301 3722 457 3788 Cannium,
474 3724 633 3794 sequuntur
643 3719 778 3777 tredecim
785 3721 928 3793 poemata,
978 3725 1016 3781 Te
1029 3742 1079 3797 per
1093 3724 1272 3799 grandisonas
1286 3723 1378 3780 laudet
1393 3723 1550 3780 moderator
1563 3720 1722 3795 hydraulas,

163 3812 196 3867 in
205 3810 337 3867 bonorem
345 3811 432 3867 bcntoe
441 3809 719 3867 ldarr'oectduodccim
725 3809 927 3881 apostolorum.
1014 3812 1140 3870 Colchica
1154 3812 1331 3870 formaturas
1345 3812 1489 3868 adamante
1502 3811 1562 3868 tibi.

165 3901 203 3955 At
219 3899 276 3955 isto
289 3888 388 3955 sancto
403 3898 547 3954 Aldltclmc
558 3900 627 3953 sunt
636 3897 810 3966 ascribendo,
822 3899 931 3953 etone·
980 3903 1099 3959 Laudent
1114 3902 1264 3960 eoncordes
1278 3909 1356 3958 sueto
1370 3910 1398 3958 te
1410 3917 1488 3957 more
1502 3915 1620 3967 sorores,

167 4075 253 4146 aar.)

403 4177 506 4218 lNClPl'l'
523 4176 657 4219 PSMAEUS.

166 3987 207 4043 bis
222 4003 323 4043 recusu-
339 3989 457 4042 crstnnl
472 3986 638 4058 Petreioque
648 3989 722 4041 tomo
736 3984 928 4056 stillaret
1014 3992 1065 4046 list
1079 4006 1194 4064 quorum
1208 4006 1340 4046 numerus
1353 3990 1396 4046 bis
1410 3996 1506 4061 quater
1520 3997 1602 4063 atque
1617 3987 1713 4047 semel.

980 4077 1047 4148 Qum
1062 4087 1180 4135 testante
1194 4080 1287 4150 mytlro
1301 4079 1447 4134 volitantes
1461 4078 1523 4134 alite
1537 4076 1622 4132 multo

1015 4168 1162 4225 Auncomo
1175 4167 1288 4224 comites
1302 4167 1445 4222 intonuere
1457 4167 1538 4238 polis.

130 4279 219 4348 Quam
235 4279 335 4333 bonum
351 4294 415 4335 ecce
430 4278 508 4333 simul
522 4278 620 4333 fratres
642 4274 815 4333 concorditer
835 4292 931 4333 omnes
979 4257 1080 4314 Ullblffi
1094 4272 1146 4312 ΠΜ
1162 4254 1231 4312 “¹⁰1⁵
1246 4263 1348 4310 limum
1361 4254 1524 4311 lesslffll'ln
1538 4252 1609 4310 lllss

129 4369 179 4422 Est
193 4366 317 4422 habitare
331 4366 401 4438 pios,
418 4367 514 4437 cupitis
529 4382 579 4421 ceu
595 4366 697 4422 uertice
712 4365 857 4440 quondum,

129 4442 255 4526 Limpida
271 4454 382 4510 lomenti
398 4455 512 4510 fundunt
527 4455 663 4510 uelamina
678 4455 761 4526 pepli,

128 4543 244 4615 Udaque
257 4543 362 4599 rorillui
375 4544 458 4599 veluti
474 4544 614 4601 cacmmua
628 4544 715 4612 collis,

129 4634 251 4687 llermon
265 4640 292 4687 et
306 4633 382 4699 Sion,
398 4633 559 4688 humescunt
574 4630 681 4689 roscida
694 4646 771 4701 rura,

131 4721 191 4777 lllic
204 4729 339 4793 perpetuo
353 4721 492 4792 pollebunt
507 4736 622 4795 munera
635 4721 730 4791 patris,

130 4809 244 4882 llitaque
257 4809 312 4865 line
328 4818 408 4865 tenus
423 4810 501 4864 durat
514 4826 565 4880 per
580 4810 678 4864 saeeula
694 4822 800 4882 sospes.

397 4951 498 4992 ourtmo
517 4951 663 4991 nutttxtct.

128 5050 308 5123 Omnipotens
324 5061 418 5108 unctor
432 5051 493 5107 omli
509 5042 637 5123 regnator
653 5051 680 5105 in
694 5050 764 5113 nula,

131 5139 320 5197 Sanctificetur
332 5142 436 5196 honore
451 5149 524 5195 tuum
540 5139 676 5195 laudabile
691 5155 800 5205 nomeu,

131 5231 226 5301 Longe
241 5230 350 5300 repulso
366 5230 443 5284 hoste
459 5229 504 5301 qui
520 5245 570 5284 nos
585 5229 671 5283 livore
686 5227 791 5300 latignt,

132 5318 162 5372 ln
177 5318 311 5389 terrisque
327 5316 373 5372 llat
387 5317 488 5371 nostris
504 5325 551 5372 tua
565 5317 637 5373 clara
652 5316 787 5381 uoluntas,

133 5405 180 5461 Sic
194 5406 351 5464 veneranda
364 5405 421 5478 poli
433 5406 521 5478 qualis
535 5406 562 5460 in
578 5405 697 5461 culmine
711 5411 827 5460 constat.

133 5493 245 5551 Summe
260 5495 350 5570 Pater,
366 5493 445 5551 nobis
459 5510 559 5566 panem
574 5493 694 5550 concam
707 5491 833 5548 diurnum

1016 4344 1103 4415 Quam
1118 4345 1190 4400 vexit
1203 4361 1309 4417 cygnus
1323 4345 1415 4400 tardus
1429 4343 1464 4399 ad
1477 4342 1550 4399 istud
1564 4357 1642 4415 opus.

981 4428 1049 4503 Quae
1063 4448 1169 4489 mecum
1185 4432 1272 4488 luteas
1286 4430 1491 4488 interversando
1505 4430 1619 4503 paludes

941 4505 968 4565 Ῑ)
1017 4523 1123 4579 Edocet
1135 4522 1163 4579 in
1179 4521 1259 4577 laude
1272 4521 1405 4597 evigilare
1421 4528 1475 4576 trra.

982 4610 1105 4684 Denique
1120 4606 1258 4667 veridicus
1272 4609 1365 4665 varios
1379 4606 1497 4681 felixque
1511 4606 1643 4674 misellus,

1018 4702 1120 4754 Amnes
1135 4697 1266 4769 astrivagi
1281 4697 1440 4768 prodiderat
1454 4697 1569 4753 numeri.

982 4784 1105 4859 Quorsum
1116 4784 1173 4855 jaan
1186 4785 1298 4857 reliquis
1313 4786 1428 4858 quadam
1444 4786 1479 4841 de
1493 4794 1569 4857 parte
1583 4783 1694 4841 remotis

1017 4874 1125 4931 Extima
1137 4888 1188 4930 nos
1204 4874 1265 4929 duri
1281 4873 1363 4930 afficit
1378 4874 1451 4930 unda
1465 4874 1538 4929 uadi.

982 4964 1097 5038 Gurgite
1112 4979 1165 5036 quo
1179 4962 1297 5037 geminis
1313 4969 1417 5019 tantum
1432 4961 1597 5019 circumdata
1611 4961 1708 5035 cygnis

1016 5055 1117 5108 Nostra
1130 5052 1225 5107 Thalia
1241 5052 1328 5116 sedet,
1344 5050 1548 5124 frigoribusque
1563 5051 1645 5125 riget.

982 5141 1105 5212 lienique
1118 5140 1278 5196 candidulas
1291 5139 1372 5213 nigro
1385 5140 1436 5194 sub
1450 5137 1558 5211 gurgite
1572 5155 1678 5211 pennus

1017 5229 1175 5285 Obsordere
1190 5229 1274 5295 dolet,
1291 5244 1352 5285 cum
1368 5227 1447 5283 dolor
1460 5228 1528 5283 alter
1541 5229 1627 5284 abest.

981 5316 1030 5373 llis
1044 5332 1126 5372 usura
1143 5314 1212 5372 foret
1227 5333 1289 5373 cum
1303 5316 1402 5371 llumen
1418 5316 1495 5373 lactis
1510 5317 1628 5383 adesset,

1017 5406 1085 5463 llinc
1100 5405 1169 5465 alios
1184 5405 1298 5461 comites
1312 5404 1430 5477 postulat
1445 5405 1523 5464 hicce
1536 5406 1599 5462 sibi.

981 5492 1125 5551 Comicem
1138 5494 1258 5565 alpinam
1272 5493 1295 5548 si
1311 5493 1373 5567 quis
1387 5495 1552 5551 transmittat
1565 5492 1600 5549 ad
1614 5490 1689 5547 illam

158 5653 299 5704 ⁸ttttcntur
308 5653 452 5712 blestinen
461 5653 610 5712 pagenses
620 5654 676 5703 cod.
694 5663 739 5701 ms.
759 5651 860 5706 excisae,
871 5659 930 5697 nes·
1008 5653 1291 5713 susammtcctpatua

133 5708 176 5754 ulo
188 5704 263 5766 culli!
272 5706 368 5756 tunde.
381 5708 440 5755 cett.
