3772 6112
113 238 181 292 teat
710 238 793 295 vlTa
809 238 837 294 S.
857 235 995 294 lllltllAE
1009 239 1184 305 ltortacttt.

402 360 515 419 CAPUT
530 362 631 419 XXVI.

927 362 1127 441 Addregnum
1138 372 1315 441 coeli,sanetis
1331 393 1380 448 per
1396 383 1626 459 serulaperarum

117 465 195 535 eaor
212 471 328 524 ceteros
344 473 457 525 sanctos
470 485 529 526 non
542 470 634 526 solum
646 470 716 538 vite,
726 469 775 527 red
787 469 914 527 etvirta-
965 449 1107 523 omnibu&
1123 467 1225 517 aeieffll
1236 466 1344 524 ‘andem
1358 470 1459 542 Ρῑθίθῑθ
1473 486 1593 547 malus,

964 540 1034 598 Pace
1048 545 1097 601 Dei
1107 547 1202 606 fruitur
1216 570 1331 628 summa,
1347 561 1405 616 sine
1419 562 1473 620 fine
1487 566 1582 623 beatus

964 627 1022 687 lllie
1036 643 1129 692 sancte
1145 639 1182 694 tui
1195 641 1326 702 llammes
1342 665 1448 706 memor
1463 662 1521 710 esto
1535 663 1633 727 poetae,

963 719 1051 792 dugia
1066 738 1147 795 quem
1161 727 1225 785 lelix
1233 732 1393 794 Strabonem
1407 744 1516 800 nomine
1527 746 1624 802 nutrit.

366 558 439 613 tibur
454 558 682 632 aequiparaverit.

115 661 176 717 lam
192 661 255 734 quia
270 663 422 719 llammetis
437 664 520 720 vitam
536 663 674 737 linemqne
688 663 772 732 beati,

112 749 239 808 Deformi
253 767 380 808 sermone
388 752 460 819 licet,
477 761 567 808 tamen
583 754 679 809 ordine
690 753 818 825 quodam,

111 837 276 906 clausimus,
286 841 320 895 ad
336 841 423 895 laudis
434 841 645 897 cumulumlicet
660 842 763 898 addere
786 841 915 914 quaedam

111 927 191 985 Dona
207 928 305 1001 quibus
320 929 428 984 Domini
443 931 516 986 servi
530 947 637 1003 quoquc
654 930 725 986 sacta
740 929 829 986 fidelis

109 1016 271 1084 Narrantur,
282 1033 445 1091 mercesque
459 1019 553 1073 humili
570 1019 691 1090 sitplona
705 1026 794 1091 poctae

110 1102 225 1161 llunera
237 1105 272 1162 de
279 1106 392 1179 proprio
409 1108 685 1178 sacrmsuperaddere
700 1107 805 1163 laudis.

109 1190 199 1262 Quem
216 1208 271 1249 non
288 1203 446 1250 sanctornm
462 1197 594 1250 llammcs
608 1196 710 1267 pietate
725 1193 833 1267 fideque

112 1280 236 1336 lloribus
250 1290 277 1337 et
291 1282 387 1355 signis,
404 1299 455 1339 nee
466 1298 520 1338 non
536 1284 685 1340 certamine
700 1281 773 1352 forti,

111 1368 291 1441 AEquiparet?
305 1379 414 1427 sanctos
429 1371 505 1441 eujus
516 1372 563 1426 tibi
578 1372 633 1428 rita
646 1371 754 1442 priores

113 1457 213 1514 Sancta
224 1467 410 1530 repraesentat,
422 1469 582 1516 cunctorum
593 1460 664 1516 lacta
680 1459 841 1533 resignans:

111 1546 279 1618 Simplicitas
294 1548 373 1617 primi
389 1563 497 1619 semper
508 1550 626 1620 pastoris
641 1549 669 1604 in
684 1548 740 1616 illo,

112 1633 241 1707 Longari
255 1635 300 1706 pia
315 1636 368 1691 rita
383 1637 489 1703 Enoch,
501 1636 633 1708 perfectio
647 1638 716 1706 Noe,

112 1722 162 1779 lot
176 1738 257 1779 sacra
272 1723 411 1791 sedulitas,
427 1725 563 1780 Abraham
577 1725 689 1782 credula
704 1726 799 1794 virtus,
922 1718 949 1778 B

111 1811 187 1867 lsaae
198 1812 304 1869 cautela
319 1813 415 1882 patris,
433 1814 586 1869 benedictio
600 1815 694 1883 Jacob,

111 1899 260 1956 Consilium
268 1902 379 1972 loseph,
398 1903 484 1957 sancti
500 1903 630 1973 sapientia
641 1903 737 1974 lloysi,

112 1987 208 2045 Gratia
224 1997 278 2044 tum
294 1989 413 2060 Samuel,
431 1990 560 2061 patientia
575 1991 670 2046 fertilis
686 1992 743 2059 lob,

114 2077 171 2133 Pax
187 2077 262 2132 ldida
277 2079 379 2149 magni,
396 2079 505 2134 dilectio
520 2088 613 2134 mutua
628 2080 726 2147 David,

113 2166 203 2222 Ardor
211 2166 375 2237 apostolicus
391 2166 536 2239 fervorque
552 2169 723 2239 propheticus
737 2185 815 2241 reque

111 2252 245 2326 Quodque
260 2272 339 2309 suum
353 2265 466 2311 tenuere
482 2256 572 2312 locum
586 2276 592 2324 ;
605 2257 734 2312 miracula
750 2272 816 2313 vero

110 2344 178 2398 Tam
193 2343 334 2399 manifesta
348 2345 424 2399 dedit
446 2361 526 2416 quam
543 2354 605 2399 sunt
620 2347 674 2400 duo
690 2346 792 2400 lumina
807 2344 910 2413 mundi,

110 2431 153 2487 Ex
168 2432 264 2504 quibus
278 2433 314 2488 ad
328 2432 394 2488 tanti
408 2432 517 2488 laudem
526 2433 682 2506 famamque
697 2435 805 2506 patroni

112 2518 246 2589 Quaedam
255 2537 342 2592 pauca
356 2521 421 2578 libet
436 2531 560 2577 veterum
576 2539 738 2594 componere
754 2523 849 2597 gestis,

108 2608 144 2664 Ut
160 2608 262 2681 liquido
271 2625 408 2682 agnoscas
424 2618 586 2666 cunctorum
601 2613 663 2667 dote
678 2612 786 2682 piorum

114 2696 192 2753 llunc
207 2698 320 2753 nituisse
331 2698 429 2754 virum.
441 2700 519 2754 Prior
532 2700 559 2753 in
574 2701 684 2756 deserta
699 2709 810 2756 vocatus

114 2786 163 2841 Est
173 2787 298 2857 populus,
315 2787 459 2860 legemque
475 2790 532 2844 Deo
548 2789 664 2844 donante
680 2798 830 2861 receptans,

115 2875 234 2929 Pellibus
250 2883 277 2930 et
286 2876 383 2930 tabulis
395 2877 509 2931 tentoria
520 2892 597 2933 saera
611 2878 732 2949 paravit:

115 2961 159 3018 Sic
174 2964 305 3020 llammes
314 2964 421 3019 deserta
435 2972 540 3036 petens,
562 2967 625 3021 dum
635 2966 869 3037 construitaedem,

115 3051 223 3108 Donum
239 3052 388 3124 evangelici
400 3054 664 3109 meruitvenerabile
679 3055 752 3110 libri.
922 3069 947 3132 C

114 3139 183 3196 lluic
198 3141 282 3195 instar
297 3141 460 3206 Salomonis,
473 3149 545 3197 amet
559 3143 739 3214 quodcunque
753 3144 910 3214 petendum,

113 3227 225 3283 Coelitus
238 3229 373 3287 anrruitur.
392 3230 537 3284 llammem
553 3246 633 3285 sacra
647 3231 720 3285 dieta
734 3231 871 3303 legentem

111 3316 238 3372 Attonitae
254 3325 381 3388 stupuere
397 3317 471 3384 serre,
483 3318 606 3373 mirabile
621 3319 717 3373 dantes

111 3406 222 3460 Doctori
237 3406 397 3478 obsequium
408 3426 415 3472 ;
426 3407 550 3462 Samsoni
566 3423 598 3462 ex
614 3423 661 3462 oro
677 3407 764 3462 leonis

113 3493 148 3550 Ut
157 3493 273 3550 dulcedo
282 3494 346 3549 data
356 3503 407 3551 est.
425 3495 546 3566 Propriis
560 3495 588 3549 in
605 3496 739 3551 moenibus
754 3496 846 3552 hostes

111 3582 196 3638 Elisci
210 3590 327 3638 sectator
341 3583 396 3638 alit.
414 3583 493 3651 Quod
503 3585 622 3656 agrestia
632 3592 728 3655 parent

90 3729 100 3742 ,
112 3671 178 3726 Tam
196 3671 288 3726 tritum
303 3679 344 3727 est
355 3673 468 3741 sanetis,
481 3681 510 3727 nt
524 3690 579 3728 non
594 3673 628 3728 sit
638 3673 711 3728 serre
721 3689 845 3744 necesse,

112 3760 171 3815 Nec
186 3760 283 3814 mirum
299 3761 372 3831 quod
389 3762 471 3816 stulta
486 3778 598 3835 magum
613 3762 745 3817 sententia
760 3762 836 3830 dixit,

113 3848 246 3904 belzebub
262 3850 408 3904 Dominum
420 3850 442 3904 si
458 3867 528 3923 gens
543 3852 634 3907 tudes
648 3851 765 3907 roravit.

113 3936 235 4008 Cumque
252 3937 338 3993 tribus
352 3939 455 4008 pueris,
472 3939 566 3994 mundi
582 3939 663 3994 simul
684 3939 755 3994 idola
770 3947 912 4009 temnens,

111 4024 250 4081 Clauditur
264 4026 425 4099 ignicremis
442 4028 549 4082 llamma
559 4027 681 4084 fervente
706 4028 830 4085 caminis.

114 4113 237 4169 Verbera
252 4131 313 4170 cum
323 4116 405 4171 Paulo
422 4116 529 4171 tolerat.
544 4118 668 4172 Sectatur
696 4126 827 4191 utrosque

114 4203 145 4256 ln
158 4204 256 4273 prrnis,
274 4204 367 4259 itidem
382 4205 495 4260 vincens
511 4213 630 4261 sectatur
645 4214 773 4279 uirosque

113 4291 256 4363 Unguibus
268 4293 310 4348 bic
327 4292 427 4360 fossus,
439 4295 525 4348 serris
542 4302 583 4350 cst
598 4302 682 4350 tortus
692 4295 796 4364 lsaias;

115 4379 202 4434 Eliam
217 4381 300 4445 corvi,
312 4382 454 4438 llammem
471 4383 722 4453 pnrcrccolumbae.

114 4469 148 4524 Ut
162 4470 245 4524 Jonas
259 4479 319 4526 ceto
334 4470 411 4527 virus
427 4472 554 4527 sorbente
572 4481 708 4543 repertus,

114 4555 159 4612 Sic
176 4559 318 4614 Mammam
334 4576 446 4615 serrare
462 4559 535 4625 serm,
547 4576 602 4616 non
616 4561 716 4617 laedere
726 4571 849 4633 possunt.

113 4644 296 4718 Opprobrium
309 4647 393 4703 Elisei
409 4649 527 4721 geminis
543 4649 650 4705 deletur
665 4651 698 4704 ab
714 4652 795 4722 ursis,

113 4734 147 4788 Et
162 4734 205 4791 leo
220 4737 369 4792 llammetis
385 4738 478 4793 strarit
494 4738 659 4794 saevissimus
673 4740 776 4796 hostes.

113 4823 148 4879 Ut
163 4824 234 4879 bruti
246 4827 378 4881 Dominus
394 4826 515 4898 linguam
530 4828 663 4882 reserarit
679 4828 767 4896 aselli,

110 4911 152 4967 No
167 4913 260 4983 pupuli
275 4914 386 4969 exitium
401 4923 480 4971 vates
498 4922 626 4972 tractaret
641 4915 760 4987 iniquus,

113 5000 236 5056 llumana
252 5003 292 5058 sie
303 5019 369 5059 voce
380 5004 423 5058 leo
439 5005 591 5060 llammetis
606 5006 740 5062 honorem

113 5089 256 5157 Praedicat,
267 5100 295 5146 ut
312 5092 359 5148 tali
375 5093 471 5148 saltem
486 5094 598 5149 doctore
614 5101 744 5150 cruentus

114 5177 337 5250 llesipiatjudex.
355 5181 484 5252 lapidum
501 5197 609 5253 quoque
633 5182 766 5255 grandine
779 5199 909 5256 pressus,

115 5265 183 5321 Cum
198 5268 281 5323 Paulo
292 5269 485 5341 stephanoque
499 5271 587 5326 Deum
597 5286 652 5342 pro
665 5270 763 5327 talibus
774 5281 844 5342 orat,

113 5356 275 5427 Exemplum
285 5358 427 5413 morientis
443 5358 556 5424 habens,
568 5358 596 5414 iu
611 5374 727 5430 corpore
741 5359 816 5418 lesu.

114 5444 162 5500 llis
179 5444 293 5518 aliisque
308 5446 358 5503 Dei
373 5445 527 5504 clarissima
537 5447 610 5504 dona
624 5448 793 5519 ministrans,

919 4428 946 4490 b

1144 932 1312 1010 STRABI
1346 942 1544 1018 HYMNUS

1104 1067 1142 1124 IN
1154 1070 1322 1133 Nlrlnatt
1332 1080 1457 1138 slNcrt
1470 1085 1616 1143 manum.

1160 1180 1280 1243 landem
1293 1188 1364 1245 beati
1378 1194 1507 1266 martyris

1123 1269 1165 1324 Ad
1180 1274 1315 1332 Trinitatis
1329 1279 1445 1353 gloriam

1123 1358 1230 1418 Sanctae
1246 1382 1376 1424 canamus
1387 1372 1524 1443 supplices

1142 1445 1236 1516 Queat
1260 1470 1388 1513 coronam
1404 1461 1538 1517 testibus.

1156 1539 1277 1596 Adversa
1293 1547 1516 1619 mundipertulit‚

1124 1623 1244 1684 Calcarit
1257 1633 1316 1701 ejus
1332 1652 1472 1709 prospera.

1123 1713 1254 1773 llammes
1268 1722 1382 1779 Tonanti
1399 1727 1518 1783 reddidit

1124 1799 1203 1870 Quod
1217 1823 1266 1877 pro
1285 1811 1338 1865 reis
1353 1813 1397 1869 hie
1412 1832 1508 1885 passus
1522 1824 1571 1873 est.

1160 1891 1275 1960 Virtute,
1293 1899 1354 1965 rita,
1371 1903 1504 1970 moribus,

1124 1977 1256 2039 Sermone
1261 1984 1483 2060 jucundissimus,

1123 2067 1153 2121 ln
1168 2071 1305 2128 charitatis
1319 2077 1403 2148 gratia

1122 2155 1236 2229 Semper
1250 2178 1364 2219 manens
1380 2166 1539 2225 ditissimus.
1609 2151 1611 2155 ¹

1159 2245 1297 2317 Spernens
1313 2268 1379 2322 opes
1393 2272 1454 2310 cum
1469 2258 1578 2314 casibus

1117 2333 1219 2402 Mundi,
1237 2341 1360 2409 supernis
1374 2343 1477 2400 institit.

1121 2421 1198 2478 liber
1206 2427 1398 2498 caducisexiit,

1122 2510 1166 2566 Nil
1177 2515 1300 2572 ambiens
1314 2534 1347 2573 ex
1360 2518 1470 2578 infimis.

1154 2601 1225 2657 llitis
1247 2605 1362 2662 domans
1372 2608 1484 2666 immitia

1121 2688 1229 2762 illisque
1244 2710 1371 2764 promens
1381 2701 1506 2772 mystica,

1121 2777 1234 2834 Vivebat
1250 2781 1321 2838 inter
1334 2785 1437 2842 bestias

1122 2864 1182 2935 Quo
1197 2871 1257 2925 eive
1271 2874 1391 2944 gaudent
1406 2878 1506 2950 angeli.

1156 2958 1271 3027 ddjutus
1281 2963 1365 3019 armis
1379 2965 1489 3036 spiritus

1121 3043 1191 3099 Vicit
1201 3045 1306 3105 furores
1321 3052 1482 3125 principum,

1123 3132 1194 3189 Saevi
1207 3135 1334 3193 draconis
1349 3150 1492 3199 conterens

1123 3221 1214 3277 Sacris
1229 3235 1307 3296 caput
1322 3231 1472 3288 conatibus.

1157 3312 1248 3382 llagni
1262 3314 1340 3371 favor
1347 3321 1476 3389 praeconii

1122 3398 1242 3456 Debetur
1256 3403 1300 3458 isti
1316 3409 1435 3479 martyri,

1122 3486 1170 3541 Cui
1185 3488 1307 3546 Christus
1321 3503 1395 3550 esset
1405 3496 1506 3565 vivere,

1122 3574 1238 3631 lucmm
1251 3581 1349 3636 resolvi
1361 3585 1515 3654 maximum,

1157 3665 1254 3720 Mansit
1270 3668 1338 3725 fides
1351 3671 1379 3726 in
1392 3682 1503 3743 pectore

1121 3752 1190 3823 Spes
1205 3766 1296 3813 mente
1310 3757 1382 3829 lelix,
1394 3760 1501 3834 integra

1121 3841 1170 3896 llis
1185 3845 1272 3913 major
1285 3846 1360 3902 illurn
1375 3850 1492 3907 ebaritas

1122 3930 1266 3988 Intussoris
1281 3937 1451 4006 possederat.

1157 4021 1277 4078 Exsultat
1287 4026 1376 4081 omnis
1391 4028 1544 4100 supplicum

1123 4107 1214 4164 Coetus
1230 4128 1328 4169 screno
1343 4116 1454 4186 gaudio,

1122 4197 1207 4268 llujus
1217 4202 1301 4271 patris
1316 4202 1447 4279 suffragia

1123 4286 1221 4344 Pronis
1231 4293 1355 4365 rogando
1370 4296 1509 4352 cordibus.

1159 4377 1196 4434 Tc
1211 4389 1320 4453 martyr,
1337 4399 1414 4456 ergo,
1431 4401 1588 4457 quesumus

1122 4465 1263 4535 llammes,
1277 4468 1335 4526 lare
1344 4473 1521 4542 poscentibus

1121 4553 1203 4611 Sacro
1219 4566 1327 4627 precatu
1337 4569 1466 4630 protege,

1120 4639 1195 4710 Quos
1210 4645 1318 4700 instruis
1333 4650 1491 4706 certamine.

1155 4731 1384 4802 Impendecnram
1398 4739 1521 4811 dapsilis,

1119 4819 1202 4875 dirior
1211 4822 1312 4878 malunt
1322 4826 1474 4895 placabilis,

1117 4907 1217 4964 Confer
1230 4911 1295 4967 boni
1308 4914 1405 4970 solatia

1120 4997 1186 5054 Vitae
1195 5003 1316 5070 parando
1329 5004 1451 5074 premia.

1156 5086 1322 5144 SitTrinitati
1332 5091 1428 5162 gloria,

1121 5175 1219 5242 l'irtus,
1230 5178 1325 5245 horror,
1340 5197 1388 5251 per
1400 5182 1501 5238 saecula

1120 5261 1243 5332 Quaenos
1257 5266 1344 5322 beatis
1359 5278 1505 5342 martyrum

1119 5351 1312 5425 Sempcrjuret
1326 5356 1472 5433 suffragiis.

1350 5450 1446 5505 Amen.

1689 260 1759 321 {062
