3772 6112
109 252 158 311 itt
358 248 560 307 wilarium
578 247 701 304 sunuel
719 248 740 302 F
742 245 819 304 ULD.
840 243 927 301 uolt.
947 240 1025 298 OPP.
1045 240 1134 299 elus
1152 241 1173 298 Ι.
1194 269 1229 282 -
1247 238 1483 298 ufluoloulcu.
1718 241 1767 299 lai

110 376 310 435 inconsiderata
324 374 426 446 petitio.
442 376 476 430 Ei
492 375 553 430 ideo
567 390 621 429 nan
635 373 767 443 voluutas,
783 388 837 428 non
852 371 949 442 pre-A
967 367 1037 437 ἔλεος
1047 368 1241 424 ιηιιινιιονιιια
1251 362 1521 437 interpretatu1·.Olei
1532 362 1712 420 naturalucis
1722 364 1770 419 mi·

117 467 237 539 positum
252 464 393 536 culpetur,
417 464 466 519 sed
482 463 637 536 ignorantia
655 481 661 516 ε
678 470 704 518 et
728 461 751 515 si
774 461 920 533 impetrare
970 468 1057 522 nistra
1071 474 1121 534 est,
1139 473 1165 520 et
1175 465 1300 519 laborum
1316 471 1341 519 et
1351 463 1479 519 dolorum
1489 464 1622 532 solamen,
1639 469 1666 516 et
1682 461 1771 519 excel-

118 569 174 611 nou
188 555 270 611 debet
282 553 451 625 simplicitas,
469 568 524 607 nen
539 559 659 607 meretur
673 549 812 606 contundi.
970 556 999 611 lit
1023 555 1129 612 esteris
1151 553 1312 625 liquoribus.
1329 554 1413 609 ιιῐιιι.
1440 551 1511 621 Quia
1525 552 1668 609 lucernam
1688 568 1771 625 quum

153 643 240 699 VERS.
251 647 295 702 22.
307 672 342 684 -·
352 642 481 698 Nescitis.
497 639 549 710 Qui
566 640 661 695 sellem
672 640 767 712 gioria)
777 638 867 710 petitis
877 637 921 694 liei
970 645 1085 716 accepit,
1102 660 1158 699 non
1173 643 1229 700 mult
1253 642 1303 702 sub
1324 642 1416 697 modio
1431 641 1575 699 abscondi,
1590 643 1666 697 Duos
1682 640 1770 697 disci.

119 730 249 806 quuaeritis,
264 730 475 802 quamnondum
499 729 646 795 meruistis,
673 728 790 784 delectat
813 727 921 782 eulmen
970 735 1062 808 putes.
1080 735 1140 788 Duo
1156 740 1269 802 prepter
1284 730 1559 787 seientiamveritutis
1574 729 1772 786 etmuudiliam

118 819 232 877 honoris
256 835 324 891 quos
344 819 465 876 noudum
481 817 773 875 exercuitsialaberis.
788 818 919 873 Potestis.
970 821 1079 893 operis,
1105 829 1132 875 et
1152 827 1354 876 sacramentum
1369 819 1486 892 geminae
1500 818 1655 876 dilectionis
1669 817 1772 890 praedi·

119 907 156 964 Ei
170 908 222 964 ¹100
237 908 358 975 Sciebat,
384 909 456 980 quod
481 908 538 976 ejus
551 907 708 979 passionem
721 912 846 977 poterant
861 905 921 958 imi·
970 910 1068 966 euturi.
1081 908 1198 978 Quidam
1209 909 1303 965 dicunt
1312 909 1440 964 hosduos
1450 909 1560 963 Petrum
1570 907 1772 979 etPhilippum,

119 996 191 1066 teui3
206 997 255 1053 sed
269 998 322 1054 hee
337 996 410 1067 dicit,
423 1005 452 1051 ut
462 1013 496 1052 eo
505 997 691 1070 interroganle
708 1004 734 1052 et
748 995 801 1049 illis
812 1009 924 1066 respon·
971 999 1018 1071 qui
1032 998 1149 1070 primum
1173 997 1289 1071 gentiles
1303 997 1339 1053 ed
1354 996 1491 1052 Christum
1505 996 1694 1065 adduxerunt,
1710 996 1774 1051 Phi-

120 1084 255 1154 dentibus,
273 1102 368 1142 omnes
383 1086 523 1140 audiamus
541 1104 548 1140 :
564 1085 628 1157 quia
651 1100 732 1141 nemo
756 1090 844 1154 potest
860 1100 921 1138 cum
971 1088 1061 1159 lippus
1078 1086 1229 1143 Samariam
1245 1102 1326 1157 quum
1340 1087 1453 1142 asinam
1467 1086 1696 1156 interpretantur,
1720 1085 1773 1141 Pe·

121 1174 229 1235 Christo
253 1191 389 1249 regnare,
414 1175 466 1229 uisi
490 1174 647 1246 passionem
666 1175 724 1242 ejus
740 1173 774 1227 sit
791 1172 919 1227 imitatus.
972 1184 1030 1231 trus
1045 1176 1202 1231 Cornelium
1218 1177 1296 1247 quasi
1312 1175 1443 1230 Samariae
1461 1175 1574 1247 pullum.

155 1263 242 1321 Vnus,
258 1267 303 1321 23.
315 1292 350 1304 -
363 1264 493 1320 Calicem.
507 1264 541 1319 Ut
551 1263 668 1318 lacobus
683 1262 716 1316 alr
728 1262 836 1316 Herode
847 1269 922 1315 trun·
1008 1266 1092 1320 Vana.
1109 1269 1136 1323 2.
1148 1295 1183 1304 —
1194 1266 1229 1320 ut
1251 1266 1376 1337 patiam.
1402 1263 1493 1320 Pullus
1509 1272 1551 1319 est
1566 1262 1683 1335 populus
1702 1280 1773 1338 geu-

118 1359 203 1419 catus,
220 1359 246 1408 et
261 1353 380 1408 loannes
395 1352 424 1406 in
438 1352 569 1407 ferventis
582 1351 635 1407 olei
651 1352 753 1406 dolium
767 1351 878 1419 missus,
895 1356 922 1405 et
972 1354 1038 1410 tium
1061 1353 1105 1409 cui
1130 1353 1220 1408 nullus
1243 1353 1385 1409 doctorum
1400 1353 1508 1410 suenum
1524 1353 1705 1409 correctionis
1720 1353 1774 1410 iun-

118 1441 146 1498 in
162 1443 289 1499 Pathmos
303 1442 451 1515 relegatus,
468 1441 558 1495 anime
573 1456 627 1495 uon
651 1439 737 1495 detuit
751 1439 920 1511 martyrium.
971 1443 1070 1514 posuit,
1081 1443 1153 1498 liber
1167 1450 1194 1498 et
1204 1442 1333 1509 ieschua,
1349 1443 1396 1514 qui
1411 1450 1437 1498 et
1452 1442 1510 1514 ipse
1525 1441 1639 1498 vinculis
1649 1451 1775 1514 peceato·

122 1531 183 1590 Non
198 1535 241 1587 est
264 1547 360 1587 aream
370 1532 447 1586 dare.
459 1530 517 1586 lloc
531 1537 573 1585 est
587 1546 700 1601 reguum
724 1528 854 1585 eoelorum
866 1544 921 1583 non
971 1549 1031 1586 rum
1043 1532 1164 1587 irretitus
1175 1540 1243 1588 erat.
1257 1532 1359 1588 Omnes
1370 1533 1645 1604 enirnpceeauerant
1654 1535 1684 1586 et
1693 1535 1775 1602 epent

124 1628 166 1676 est
180 1619 268 1675 dantis
279 1621 328 1675 sed
343 1619 510 1690 accipientis.
523 1620 583 1674 Non
598 1619 675 1674 enim
683 1634 923 1691 personararnae-
971 1623 1065 1692 pratia
1078 1622 1130 1676 eet
1154 1622 1243 1691 (Rern.
1259 1623 1312 1691 ιιι).
1328 1620 1381 1675 Alii
1395 1622 1430 1676 de
1444 1621 1503 1676 solo
1518 1620 1592 1690 pulle
1609 1638 1615 1674 :
1632 1620 1774 1677 llletthaeus

122 1710 211 1782 ceptio
222 1712 265 1764 est
274 1710 350 1782 apert
364 1710 453 1763 Benna
465 1728 473 1762 :
484 1707 538 1762 Sed
549 1707 703 1780 quicunque
716 1706 816 1778 diguus
827 1713 869 1761 est
878 1723 959 1790 ³0·ss
973 1709 1020 1781 qui
1034 1709 1156 1765 Heltraeis
1182 1708 1289 1778 scribit,
1316 1717 1343 1763 et
1364 1710 1398 1764 de
1413 1709 1491 1764 asina
1515 1708 1580 1765 dicit
1603 1708 1707 1764 decens
1721 1724 1775 1766 uon

121 1799 196 1871 cipit,
212 1798 284 1871 qued
299 1813 354 1853 uon
377 1805 502 1868 peratum
526 1812 652 1867 persona
666 1803 724 1861 est,
742 1795 790 1850 sed
806 1795 877 1850 ιιιιι.
895 1795 924 1850 Si
977 1797 1120 1868 desperari
1135 1797 1251 1852 salutem
1265 1797 1389 1852 Hebraeis
1404 1797 1427 1851 si
1442 1797 1598 1868 pmniteant.
1615 1797 1724 1853 Marcus
1740 1797 1777 1851 di·

127 1887 218 1959 itaque
234 1884 302 1941 tales
317 1885 382 1942 estis
397 1885 442 1957 qui
458 1884 674 1956 consequamini,
689 1883 762 1955 quod
776 1883 926 1939 uictoribus
977 1886 1013 1942 eit
1035 1886 1138 1956 pullum
1161 1893 1222 1940 ante
1244 1887 1355 1955 januam
1378 1886 1407 1940 iu
1420 1885 1493 1941 bivio
1517 1886 1668 1941 inventum.
1690 1886 1778 1943 tenua

126 1984 204 2048 pater
228 1975 340 2048 paravit,
366 1973 514 2044 accipietis.
541 1972 591 2028 Vel
614 1988 669 2027 nen
691 1980 733 2027 est
756 1987 847 2027 meum
862 1971 926 2029 dare
978 1974 1118 2043 Christus,
1143 1982 1220 2030 extre
1242 1991 1323 2046 quam
1337 1975 1452 2047 populus
1468 1975 1590 2048 gentium
1606 1962 1695 2028 stabit
1708 1974 1778 2048 liga-

125 2064 262 2138 superbis,
278 2062 352 2136 qued
366 2063 453 2118 adhuc
469 2063 544 2130 estis,
557 2061 605 2117 sed
620 2062 680 2115 aliis
691 2060 788 2133 quibus
803 2069 926 2132 paratum
977 2072 1018 2119 tus
1035 2081 1042 2117 ε
1058 2079 1111 2117 nou
1127 2063 1154 2118 in
1170 2080 1222 2118 una
1237 2064 1282 2119 uia
1296 2062 1368 2130 lidei,
1385 2063 1433 2119 sed
1448 2063 1476 2118 in
1490 2063 1605 2120 diuersis
1626 2063 1776 2121 erroribus.

127 2162 178 2212 est.
194 2155 270 2227 Ergo
295 2160 321 2208 et
342 2167 392 2210 res
416 2152 500 2207 nolite
515 2168 576 2208 esse
592 2151 665 2222 quod
680 2150 756 2220 estis,
774 2151 822 2205 sed
838 2156 925 2206 estote
1012 2152 1098 2208 Vnus.
1115 2155 1142 2208 5.
1153 2153 1289 2209 -Dieite
1304 2153 1371 2221 filim
1386 2153 1462 2209 Sion.
1478 2152 1543 2208 Filia
1559 2152 1636 2220 Sion,
1652 2153 1779 2217 esttecu-

125 2242 186 2311 ulii,
213 2241 241 2299 id
253 2248 310 2309 est,
335 2240 515 2296 humiliamini
532 2240 577 2312 qiu
588 2241 645 2308 jam
659 2238 739 2296 uultis
755 2238 882 2306 exaltari,
899 2246 926 2295 et
977 2240 1063 2296 salem
1088 2241 1139 2297 sita
1163 2241 1190 2295 iu
1206 2249 1297 2297 monle
1313 2241 1389 2297 Sion.
1407 2241 1528 2313 Mystico.
1547 2239 1673 2297 Ecclesia
1690 2242 1777 2311 perti-

124 2337 304 2403 estparatum
319 2329 407 2386 uobis.
977 2347 1046 2387 nens
1070 2331 1105 2385 ad
1128 2347 1273 2402 supernam
1298 2330 1448 2386 Jerusalem
1472 2347 1532 2402 quae
1555 2338 1597 2386 est
1617 2337 1705 2385 mater
1720 2346 1779 2386 em·

158 2420 235 2478 Vnus
249 2422 294 2477 ui.
305 2448 340 2460 -
350 2421 387 2474 Et
401 2419 550 2474 audientes
564 2417 669 2474 decent.
682 2415 716 2473 Ut
731 2416 769 2470 illi
784 2415 925 2472 carnaliter
977 2419 1051 2475 nium
1066 2429 1208 2488 nostrum,
1224 2421 1299 2489 eujus
1315 2436 1369 2475 non
1384 2419 1497 2474 minima
1511 2435 1576 2491 pars
1590 2427 1655 2475 tune
1669 2427 1728 2474 erut
1750 2420 1778 2475 iu

123 2509 275 2583 petiverunt
298 2524 359 2564 esse
383 2523 465 2579 super
487 2521 600 2572 omues,
626 2506 664 2561 sie
685 2514 711 2562 ιι
726 2505 769 2561 isti
784 2505 925 2563 carnaliter
976 2507 1076 2578 populo
1100 2509 1192 2564 lsrael.
1219 2512 1288 2565 llee.
1313 2509 1354 2563 Ne
1377 2508 1565 2565 hisuthalan
1586 2494 1779 2564 debemusne-⁴

124 2597 272 2656 contristati
295 2606 357 2653 suut
372 2612 433 2652 esse
447 2595 564 2668 aliquem
579 2603 641 2650 aule
655 2611 697 2651 se.
974 2613 1046 2669 pern,
1067 2598 1125 2653 nist
1137 2598 1463 2670 Caesarern(toaru.x1x).
1479 2598 1544 2655 rtbt.
1557 2596 1584 2651 Si
1595 2597 1704 2664 eredis;
1717 2612 1779 2655 een·

159 2688 247 2745 Vsus.
263 2690 307 2743 30.
332 2688 368 2742 h't
382 2702 444 2742 eece
466 2687 519 2742 dne
533 2687 611 2742 eoeei.
627 2686 668 2739 De
682 2683 741 2738 istis
755 2699 838 2738 uuum
852 2698 926 2737 eom·
976 2692 1017 2740 tra
1036 2695 1062 2740 te
1077 2686 1098 2740 si
1124 2701 1178 2742 non
1203 2686 1303 2743 credis.
1330 2688 1420 2758 Super
1434 2688 1562 2752 asinaeo,
1599 2694 1650 2741 etc.
1667 2686 1730 2742 Neu
1744 2687 1779 2742 au

123 2783 254 2834 memorat
267 2775 380 2840 Marcus,
397 2773 459 2845 quia
473 2772 559 2829 suerat
572 2773 598 2826 iu
615 2772 658 2826 illa
672 2772 778 2826 ciuitate
798 2771 924 2826 taunasis·
976 2773 1092 2829 litteram
1114 2792 1196 2847 super
1218 2783 1364 2846 utrumque
1386 2775 1472 2845 sedit,
1498 2775 1547 2830 sed
1571 2775 1600 2828 in
1617 2775 1781 2844 praecordiis

125 2863 283 2938 simussqui
297 2879 330 2918 ex
340 2878 438 2933 magna
452 2860 578 2917 felicitate
593 2861 694 2929 ejectus
704 2859 853 2916 notissimae
870 2868 925 2916 erat
975 2863 1114 2936 utriusque
1137 2865 1243 2936 pepuli.
1271 2864 1359 2920 Potuit
1381 2864 1508 2920 deminus
1533 2879 1615 2935 super
1633 2871 1781 2938 utrumque

126 2954 254 3013 misena.
272 2953 365 3009 Cacus
379 2967 478 3023 nempe
494 2958 520 3006 et
534 2949 684 3019 mendicus,
701 2950 773 3005 uude
788 2956 815 3005 et
825 2965 925 3005 nomen
975 2953 1137 3022 ascendere,
1163 2952 1334 3010 descendens
1348 2954 1383 3010 de
1397 2969 1466 3022 uno,
1482 2962 1509 3010 et
1528 2953 1682 3011 ascendens
1696 2969 1780 3026 super

126 3046 185 3115 ejus
207 3048 356 3107 memorat,
383 3049 410 3096 et
435 3055 535 3095 nomen
561 3038 644 3110 patris
668 3039 726 3110 ejus
750 3039 925 3094 barthimaeus
979 3040 1073 3099 elium.
1580 3108 1583 3116 Ι

125 3132 239 3189 Thimaei
253 3130 333 3195 filius,
349 3129 422 3201 quod
437 3128 464 3183 iu
479 3127 539 3183 aliis
553 3143 608 3183 nou
622 3125 701 3183 teeile
717 3126 850 3193 occurrit,
876 3090 964 3183 nisiC
1017 3131 1102 3187 t'uus.
1114 3131 1224 3188 r.-ut
1233 3132 1427 3188 addaeerant.
1438 3131 1484 3188 Sic
1494 3130 1783 3204 etapostolimundum

127 3219 255 3287 interire,
271 3218 357 3291 quiet
379 3218 406 3271 in
430 3216 476 3272 illo
499 3216 559 3273 loco
583 3216 682 3272 noblis
704 3215 928 3272 fuit-Famositus
976 3219 1075 3276 uirtute
1089 3220 1221 3276 christia
1243 3228 1378 3292 potestate
1392 3220 1493 3276 diaboli
1507 3220 1663 3289 solverunt,
1686 3228 1714 3277 et
1728 3221 1784 3276 im·

129 3318 217 3366 autem
231 3305 381 3376 illuminati,
398 3322 523 3377 magnam
546 3306 644 3361 tamum
669 3305 797 3362 miracula
815 3321 928 3377 eompa—
977 3317 1128 3380 pesuerunt
1142 3309 1303 3365 vestimenta
1318 3327 1401 3381 super
1416 3326 1488 3366 eum.
1504 3310 1558 3365 Sed
1573 3319 1673 3366 eaetera
1688 3309 1779 3375 turba,

128 3399 205 3457 ravit.
223 3397 342 3454 Veniens
364 3395 471 3451 terieho
486 3412 568 3450 unum
590 3394 722 3451 illuminat
745 3395 817 3467 quod
843 3396 928 3451 Lucas
979 3397 1072 3467 idest,
1088 3398 1176 3454 tudaei
1194 3399 1367 3464 uestimenta,
1380 3399 1408 3454 id
1422 3408 1472 3466 est,
1487 3399 1557 3472 legis
1571 3400 1702 3454 mandata
1712 3407 1785 3454 ster-

128 3488 165 3544 ιιι
188 3486 250 3560 quia
270 3485 348 3542 morti
371 3485 555 3556 propinquans
576 3485 667 3541 lumen
691 3483 833 3556 Evangelii
856 3500 929 3555 prse-
979 3494 1064 3558 nuut,
1082 3487 1175 3559 quiae
1199 3488 1358 3543 Christianis
1374 3494 1450 3543 erant
1466 3487 1663 3555 conculcanda,
1681 3487 1712 3543 in
1726 3488 1784 3556 uia,

131 3576 229 3634 dicavit
251 3574 370 3645 Judaeis,
396 3574 491 3630 exieus
507 3574 590 3641 duos,
606 3574 667 3646 quia
679 3583 741 3647 post
754 3572 930 3630 resurrectio·
979 3576 1008 3632 id
1032 3584 1090 3643 est,
1116 3576 1143 3631 in
1167 3576 1284 3645 Christo,
1302 3594 1387 3650 saper
1402 3594 1456 3634 ces.
1483 3577 1581 3633 Vestes
1597 3576 1785 3648 apostolorum

131 3682 193 3725 nem
220 3665 334 3731 Judaeis,
360 3671 386 3720 et
400 3664 537 3737 gentibus.
559 3666 599 3720 De
614 3664 712 3738 quibus
726 3664 829 3720 llareus
847 3679 930 3720 unam
980 3672 1042 3721 suut
1065 3672 1201 3735 praecepta
1223 3664 1329 3731 diviua,
1353 3673 1379 3721 et
1412 3665 1498 3739 gratia
1514 3665 1672 3738 spiritualis,
1684 3665 1786 3737 quihus

132 3756 217 3833 ponit,
232 3756 278 3832 qui
293 3754 420 3829 gentibus
435 3752 537 3811 scribit.
597 3752 600 3756 '
980 3754 1119 3825 turpitude
1133 3753 1223 3811 earnis
1244 3763 1345 3811 nostroe
1359 3755 1468 3829 tegitur.
1494 3755 1542 3810 llis
1561 3755 1638 3826 prius
1652 3755 1719 3810 nudi
1734 3769 1787 3826 po-

417 3896 530 3954 ιιιι
551 3895 628 3951 ιιι
981 3842 1788 4005 illeilltlltttlttll,llllttlltlillil

168 4025 255 4080 Vnus.
267 4026 293 4076 l.
305 4048 340 4060 -
349 4021 458 4076 literam
468 4020 753 4093 appropinquassent.
767 4017 816 4074 llic
825 4025 934 4090 prseter-
983 4036 1055 4090 uam,
1072 4020 1121 4078 sed
1136 4021 1163 4075 iu
1178 4021 1222 4076 via
1236 4036 1287 4076 nee
1302 4021 1348 4075 ubi
1362 4019 1481 4076 offendat
1493 4039 1499 4076 :
1512 4021 1574 4093 quia
1598 4021 1685 4077 sancti
1708 4037 1786 4076 mar-

131 4111 210 4168 mittit
225 4109 365 4165 Matthaeus
381 4122 487 4179 eaquae
507 4106 576 4162 laeta
591 4113 652 4161 suut
668 4114 810 4178 autequam
824 4106 933 4162 intraret
984 4117 1055 4182 tyros
1080 4125 1188 4165 earnem
1221 4119 1365 4177 eruentes,
1396 4109 1604 4181 simplicioribus
1635 4109 1708 4165 viam
1735 4125 1788 4181 per

132 4198 338 4271 ierosolymam,
364 4212 424 4268 quae
447 4195 491 4251 alii
513 4194 643 4268 prolixius
666 4202 787 4251 tractant.
814 4197 849 4250 Et
868 4214 933 4253 erem
983 4198 1138 4270 exemplum
1153 4213 1203 4255 suo
1217 4198 1348 4271 sauguine
1364 4207 1470 4270 parant.

132 4289 417 4364 appropinquassent.
441 4285 573 4341 Dominus
594 4283 764 4355 spiritualiter
784 4285 934 4341 Jerusalem
1020 4288 1105 4343 Vens.
1123 4291 1149 4343 8.
1165 4317 1200 4328 -
1214 4289 1314 4345 hamos
1330 4289 1363 4343 elc
1379 4289 1533 4352 arbonius,
1556 4295 1609 4343 ete.
1626 4287 1727 4343 Remos
1741 4287 1788 4343 uel

134 4376 358 4452 appropinquavit
372 4375 480 4449 quaudo
495 4374 657 4443 iucarnatuS,
674 4371 823 4428 Ecclesiam
839 4374 866 4429 in
883 4391 934 4447 qua
985 4375 1096 4432 frondes
1110 4376 1232 4443 eadunt,
1258 4378 1320 4448 quia
1344 4377 1429 4433 uerlra
1443 4387 1470 4432 et
1493 4375 1641 4432 sententies
1655 4376 1690 4431 de
1710 4376 1789 4432 libris

129 4475 170 4524 est
183 4467 251 4524 visio
267 4466 343 4538 pacis
357 4465 486 4534 visitavit,
503 4479 582 4537 quam
599 4478 648 4534 per
670 4461 870 4519 contessionem
885 4455 971 4518 sibiD
987 4464 1096 4520 Petrum
1113 4473 1295 4536 excerperunt
1308 4466 1351 4521 uel
1368 4466 1503 4537 exenupla.

130 4556 322 4612 reconciliavit.
339 4556 495 4629 Bethphage
510 4554 582 4610 enim
598 4552 694 4608 domus
709 4552 801 4607 buocae
816 4551 924 4607 dieitur.
1013 4555 1098 4609 Vsus.
1115 4560 1180 4609 9-
1196 4555 1320 4610 Osanna.
1334 4554 1440 4626 (lirun.)
1451 4554 1515 4624 Osi,
1532 4554 1621 4621 idest,
1632 4553 1718 4618 salva,
1730 4553 1788 4608 sal-

131 4645 299 4716 Betltpltape.
320 4644 475 4715 bethphage
498 4651 553 4699 erat
575 4641 679 4698 viculus
709 4641 877 4696 sacerdotum
901 4641 929 4696 in
977 4640 1067 4698 uifiea.
1084 4647 1163 4698 Anna
1177 4643 1331 4712 interjectio
1345 4643 1527 4714 deprecantis,
1547 4641 1626 4715 quasi
1648 4641 1723 4697 salva
1738 4643 1788 4698 oh·

132 4741 223 4789 mente
239 4731 353 4797 Oliveti,
383 4733 410 4786 in
437 4733 512 4801 cujus
538 4739 629 4788 moute
657 4731 739 4787 latere
767 4738 808 4786 est
835 4730 928 4786 civitas
979 4747 1065 4788 secra.
1091 4732 1201 4787 Osanna
1225 4739 1309 4788 tatum
1335 4732 1500 4787 llobraieum
1525 4738 1576 4795 est,
1601 4740 1627 4786 ot
1652 4730 1788 4804 signifieat

129 4820 271 4879 Bethania.
290 4819 465 4891 Bethphage,
492 4822 588 4875 domus
602 4821 704 4877 buceae.
722 4819 858 4890 Bethania,
876 4820 928 4875 de·
978 4821 1052 4892 qued
1067 4821 1199 4876 adventus
1223 4820 1322 4875 Christi
1345 4819 1417 4875 salus
1433 4820 1529 4874 mundi
1544 4819 1578 4874 sit
1588 4837 1595 4874 ε
1606 4819 1680 4875 unde
1691 4818 1787 4892 sequi-

129 4927 190 4967 mus
214 4909 385 4966 obedieutiae.
410 4909 464 4963 Has
486 4909 618 4964 [lanuinus
630 4926 763 4984 pergens,
779 4908 928 4965 Jerusalem
979 4922 1023 4967 tur
1040 4925 1046 4962 :
1064 4909 1243 4964 benedictos.
1264 4909 1387 4974 Osanna,
1399 4908 1427 4963 id
1442 4915 1492 4973 est,
1506 4908 1591 4964 salua.
1605 4910 1637 4964 ln
1652 4909 1785 4965 eeeetsis.

130 5017 178 5057 sua
193 4999 338 5072 praesentia
353 4997 487 5064 sublimat,
503 4998 565 5071 quia
579 4999 678 5055 multos
691 5009 752 5055 ante
772 5000 928 5072 passionem
978 4995 1047 5066 Quia
1062 4997 1194 5051 adventus
1210 4996 1312 5052 Christi
1325 5012 1382 5052 nau
1399 5004 1503 5052 tautum
1519 4997 1662 5052 hominum
1678 4997 1727 5052 sed
1746 5005 1786 5053 to-

128 5088 252 5145 deeendo
268 5087 346 5142 donis
356 5086 408 5158 piae
423 5086 603 5142 confessionis
618 5095 643 5142 et
660 5088 821 5145 obedientiae
836 5088 929 5161 imple·
978 5087 1031 5159 qius
1043 5085 1137 5141 mundi
1153 5084 1225 5140 salus
1250 5094 1304 5152 est,
1324 5095 1431 5141 terrena
1457 5086 1608 5159 conjunges
1627 5085 1784 5143 caelestibus

127 5179 174 5235 uit.
201 5177 265 5234 Silae
288 5184 377 5232 eutem
401 5182 462 5230 sunt
474 5174 527 5230 illa
541 5175 663 5231 ciuitates
684 5177 712 5230 iu
726 5186 816 5233 moute
833 5177 926 5234 Oliva·
977 5180 1010 5232 nt
1023 5177 1055 5230 tn
1070 5177 1184 5230 recitatae
1195 5177 1262 5230 iesu
1272 5190 1354 5233 estune
1378 5192 1452 5247 pena
1462 5176 1597 5244 flectatur
1607 5175 1776 5242 celestium,

127 5283 203 5334 rum,
219 5264 248 5321 iti
263 5272 317 5331 est,
334 5264 475 5320 inchriste
489 5264 620 5331 Domine,
644 5280 660 5319 a
675 5280 727 5337 quo
741 5267 831 5322 unctio
845 5267 926 5323 etlux
978 5265 1159 5321 terrestriam
1173 5268 1202 5319 et
1219 5265 1401 5335 rutenorum
1415 5264 1424 5333 ι’
1436 5265 1511 5320 Phil.
1529 5278 1549 5316 ιι
1560 5264 1580 5333 ).
1598 5264 1630 5318 ln
1646 5265 1779 5320 excelsis.

129 5355 255 5414 omuibus
268 5353 362 5422 uenit3
377 5353 449 5409 uude
466 5370 472 5407 :
487 5354 547 5410 Nan
561 5357 655 5427 petest
680 5354 780 5410 eieitm
794 5356 928 5414 abscondi
977 5352 1048 5422 Quia
1064 5361 1089 5408 et
1102 5353 1262 5426 augelorum
1285 5354 1360 5409 salus
1383 5368 1499 5424 querum
1515 5367 1659 5408 numerum
1672 5351 1778 5423 implet.

132 5462 219 5521 saper
232 5447 358 5502 ruentem
370 5445 474 5517 perita.
485 5472 520 5484 -
531 5443 572 5499 rid
583 5446 710 5499 montera
724 5442 824 5500 oliveti
835 5465 843 5500 :
856 5450 926 5501 tnnc
1011 5443 1096 5499 Vnus.
1108 5446 1150 5499 lo.
1163 5472 1197 5485 —
1209 5444 1277 5500 Cara
1291 5444 1439 5499 intrasset.
1457 5443 1624 5514 Frequenter
1637 5440 1779 5515 ingressus

128 5538 217 5603 teras,
237 5541 289 5594 etc.
309 5534 351 5596 hd
365 5532 558 5595 sublimitatem
568 5532 924 5608 misericerdiaerespicieus‚
976 5541 1017 5590 cst
1040 5533 1176 5592 civilatem
1189 5531 1347 5599 Jerusalem,
1365 5532 1414 5592 scd
1428 5547 1484 5591 uon
1498 5547 1561 5590 cum
1575 5531 1617 5590 his
1639 5530 1785 5592 laudibus:
