3772 6112
181 207 249 261 {¹⁰³

250 343 304 416 Qui
318 359 368 402 vos
381 342 484 411 laudat,
502 344 644 401 habebitur
670 343 820 418 benignus;

255 432 309 505 Qui
322 449 373 492 uos
386 433 489 500 laudat,
507 434 564 506 agit
578 433 651 506 quod
666 441 708 489 est
721 433 867 506 agendum.

249 529 313 585 Non
328 526 422 583 istbaeo
436 522 571 580 adulantis
585 537 634 577 ore
655 536 762 592 promo,

249 616 310 673 Nec
323 614 450 671 desidero
462 611 634 682 complacere
658 609 744 676 lalsis,

249 704 305 762 Sed
319 701 393 760 veris
406 700 496 773 potius
510 699 583 755 uiam
598 698 727 771 loquendi

248 792 346 851 ternis
359 788 463 847 institui
477 803 576 861 parare
586 794 698 843 rectam.

250 881 323 939 Nam
338 878 361 934 si
375 892 534 950 comperero
549 876 633 933 licere
647 874 726 930 nobis

246 967 282 1026 to
295 968 317 1023 ai
333 966 526 1038 cunctipotens
540 964 745 1020 bocannuende

246 1058 402 1115 Clementer
415 1054 530 1122 dederit,
548 1052 646 1126 legetis
660 1052 733 1117 exin,

247 1146 343 1202 Nostri
357 1142 478 1217 pectoris
492 1140 596 1198 indices
611 1139 723 1214 figuras,

243 1236 323 1292 Nunc
338 1240 366 1290 st
379 1248 498 1303 semper,
529 1238 556 1285 et
570 1229 614 1286 bic
628 1236 656 1284 et
669 1228 697 1283 in
712 1226 812 1296 lutuno,

244 1323 352 1380 wrote
367 1321 396 1377 in
409 1320 536 1385 Domino,
552 1318 647 1382 valete,
670 1324 759 1381 avete,

243 1412 300 1467 Vos
314 1417 425 1467 sanctus
440 1409 529 1475 Pater,
545 1414 572 1462 et
587 1406 676 1460 Patris
697 1405 778 1460 beata

245 1495 350 1564 Proles,
367 1493 481 1566 Spiritus
496 1500 523 1547 et
535 1491 611 1562 juvet
625 1504 781 1561 persarum.

292 1652 398 1694 aaroni
423 1648 615 1692 unxourronrx
630 1647 667 1687 an
682 1645 828 1695 onuanxu.

169 1746 266 1820 cogito
280 1744 346 1818 quid
360 1743 459 1801 leolam
474 1757 563 1814 nuper
578 1738 645 1796 mibi
660 1737 772 1812 contigit
791 1753 846 1795 uno

169 1836 231 1891 Jam
248 1833 384 1890 cecidisse
398 1832 471 1897 loco,
490 1829 604 1887 canibus
617 1827 761 1884 lacerabar
777 1823 888 1882 ibidem.
911 1840 915 1848 ’

173 1921 301 1978 Calcibus
315 1920 359 1976 bin
373 1918 466 1991 populi
481 1933 561 1974 coeno
575 1918 718 1973 demersus
731 1914 760 1970 in
780 1914 846 1982 imo,

169 2010 198 2066 Si
207 2009 274 2065 mibi
289 2007 433 2065 consilium
447 2005 567 2072 dederis,
583 2004 673 2061 vitabo
688 2019 738 2075 per
757 2018 846 2058 sevum

168 2098 246 2154 Hanc
260 2096 368 2153 salome
377 2096 459 2160 viam,
473 2093 575 2166 probra
582 2107 641 2164 quae
651 2091 716 2147 mibi
727 2087 950 2147 tantoministrat.

165 2186 237 2242 Nam
252 2200 349 2242 vereor
363 2200 398 2240 ne
412 2181 484 2239 lorte
498 2180 560 2237 lreti
574 2196 619 2237 ms
633 2180 746 2235 subruat
760 2186 853 2245 oestus,

167 2268 250 2338 Cujus
263 2268 299 2323 ab
312 2267 423 2323 incursu
437 2265 481 2321 vix
496 2264 525 2319 in
538 2263 636 2320 tellure
661 2269 789 2334 receptus

164 2355 257 2430 Effugi
271 2355 377 2428 patulas
390 2352 528 2409 furibundi
542 2350 659 2426 gurgitis
675 2351 740 2408 iras.

366 2499 524 2542 stuttt'tttoo
538 2497 753 2540 tttt’osstatttutt.

162 2594 294 2652 mentes
308 2591 397 2665 capiat
410 2606 519 2657 coruos,
535 2605 694 2664 cygnosque
708 2588 860 2662 nigrantes,

164 2682 289 2738 limacea
304 2696 413 2755 quoque
427 2678 613 2750 multiloquos,
636 2685 779 2750 mutasque
804 2675 925 2745 cicadas,

160 2765 299 2822 Cornutos
314 2764 438 2838 adquirat
452 2778 548 2836 equos,
565 2761 730 2832 mutilosque
741 2761 886 2830 juvencos,

162 2854 256 2912 Pisces
270 2869 339 2910 nare
354 2860 436 2921 vetet,
452 2858 608 2908 constanter
623 2865 743 2922 evesque
769 2849 871 2919 volare,

160 2943 261 3000 Fontes
275 2950 348 2998 stare
363 2940 432 2998 citos
445 2939 536 3007 faciat,
551 2947 607 2995 tum
622 2954 731 2996 currere
753 2945 871 3006 montes,

159 3029 236 3089 Ferri
251 3038 332 3105 cogat
345 3045 431 3103 aquas
446 3044 564 3097 sursum,
581 3028 757 3099 flammasque
781 3027 921 3094 deorsum,
967 3033 992 3095 c

160 3118 253 3175 bimus
267 3117 303 3175 ad
318 3119 473 3181 humorem,
484 3130 549 3172 cera
566 3115 726 3171 utduresoat
733 3114 767 3169 ad
777 3113 879 3186 ignem,

160 3207 286 3278 Ossaque
302 3203 481 3276 sanguinibus
496 3209 626 3271 tumeant,
642 3200 773 3274 nervique
787 3200 922 3267 medullis,

162 3291 299 3350 lumbrici
314 3291 420 3358 saliant,
435 3298 595 3362 reptentque
609 3290 636 3345 in
650 3289 762 3362 puluere
785 3290 869 3357 cerui,

163 3379 278 3438 Gallina
291 3379 405 3436 lundaut
418 3379 522 3447 baedos,
538 3386 620 3451 atque
634 3394 684 3436 ova
694 3378 815 3451 capellae.

389 3526 558 3569 aetnaettwtt
572 3527 733 3580 waaooum,

163 3622 310 3695 Postquam
323 3617 413 3692 primo
427 3618 529 3675 bomini
544 3634 624 3674 saevae
638 3618 773 3674 sententia
793 3618 889 3673 mortis

202 3711 279 3765 Juste
293 3706 450 3765 ulciscentis
465 3707 539 3763 venit
553 3706 587 3761 ab
601 3722 650 3762 ore
673 3706 734 3772 Dei,

131 3804 137 3808 “
165 3799 249 3855 Fama
262 3796 327 3854 licet
341 3795 474 3869 quosdam
490 3796 543 3851 lato
558 3793 737 3851 celebraverit
752 3793 817 3851 orbe

195 3884 320 3944 Nominis
333 3892 416 3957 atque
430 3900 522 3940 auram
537 3882 621 3940 ferret
634 3884 670 3940 ad
697 3899 783 3954 usque
811 3882 904 3954 polos:

158 3974 265 4032 lustitia
280 3980 409 4030 censente
423 3980 524 4041 tamen,
536 3971 697 4028 moribunda
705 3978 833 4027 statutum
848 3979 889 4026 est

195 4063 318 4121 btembra
332 4061 480 4133 sepulturis
489 4077 572 4133 posse
585 4059 798 4132 capibrevibus;

161 4153 226 4210 llaec
240 4150 332 4224 magni
346 4158 399 4206 tum
415 4164 502 4221 pauca
516 4149 567 4204 uiri
581 4156 654 4206 tenet
667 4164 732 4205 area
755 4163 856 4219 corpus

195 4239 280 4310 Cuius
293 4238 322 4294 in
336 4237 447 4294 etheria
458 4237 570 4308 spiritus
584 4252 646 4292 aree
661 4243 762 4291 manet.

159 4327 247 4398 liujus
261 4342 379 4398 namque
393 4325 448 4383 loci
461 4324 547 4382 luerat
561 4331 692 4396 patronus
707 4331 733 4380 et
745 4323 816 4379 abba

192 4414 309 4472 Nomine
319 4414 424 4470 Werdo
439 4413 489 4469 Dei
503 4413 599 4485 plenus
613 4428 706 4468 amore
721 4413 762 4468 sui

157 4503 294 4578 Egregius
309 4519 401 4573 sensu,
417 4501 496 4558 nitidi
510 4502 647 4558 sermonis
661 4502 814 4569 abundans,

194 4594 330 4665 Dogmata
344 4591 539 4648 commendans
553 4590 676 4647 moribus
689 4589 813 4655 eximior

159 4676 308 4734 Sedulitute
320 4675 443 4748 placens,
459 4675 564 4733 cunctis
578 4673 704 4740 affabilis,
724 4683 805 4746 atque

191 4767 296 4823 Deuota
310 4763 455 4820 Dominum
470 4763 601 4836 religione
615 4762 709 4819 colens

157 4852 235 4910 Hunc
248 4853 352 4910 rexisse
366 4867 482 4927 gregem
492 4852 537 4924 pie
551 4867 601 4923 per
615 4851 799 4923 quinquennia
815 4858 919 4923 septem

189 4941 290 5011 scitur,
306 4949 334 5000 et
346 4940 501 5015 omnigenis
508 4939 694 4998 accumulasse
704 4939 793 4998 bonis.

156 5029 270 5087 ltartius
281 5030 391 5103 apriles
404 5038 446 5087 ter
460 5030 532 5087 deno
545 5029 604 5087 sole
620 5028 758 5086 Kalendas

434 203 635 259 watttttttot
654 202 775 258 saltant
796 200 893 258 FULD.
916 200 1000 257 uolt.
1021 201 1098 257 OPP.
1119 202 1206 258 PARS
1225 198 1272 258 ttl.
1291 233 1325 244 -
1345 199 1512 259 canutus.

1765 204 1831 258 ttol

960 378 961 382 ¹
991 331 1019 390 Α
1067 353 1137 408 Dum
1152 353 1223 419 visit,
1235 353 1342 409 Werdo
1352 361 1467 409 mortem
1481 351 1547 423 obit,
1563 361 1637 409 astra
1659 353 1741 408 subit,

1030 442 1116 512 liujus
1131 458 1182 513 pro
1197 443 1292 514 requie
1306 442 1412 497 titulum
1428 443 1583 515 quicunque
1597 458 1741 512 recenses,

1061 531 1176 586 Pectore
1189 531 1223 586 de
1238 531 1346 601 placido
1360 530 1442 586 tunde
1456 547 1553 602 preces
1574 531 1703 587 Domino.

1078 677 1108 717 ΙΝ
1122 678 1252 719 accusata
1265 678 1435 720 nonastttttu
1449 679 1524 727 Quot)
1546 678 1620 718 livua
1635 678 1775 719 vocanda.

1026 785 1084 841 Hoc
1098 785 1228 856 templum
1254 786 1386 857 Stephani
1404 785 1561 842 celebratur
1584 787 1689 842 bonore
1710 786 1828 847 dicatum

1061 873 1129 928 Cum
1141 873 1244 930 Jacobo
1261 874 1347 930 nostri
1361 874 1446 930 tratre
1461 875 1542 931 simul
1563 875 1683 933 Domini.

1025 960 1146 1030 Quorum
1163 963 1214 1018 sub
1229 963 1365 1034 precibus,
1383 962 1481 1021 Christi
1499 964 1598 1035 pietate
1619 964 1740 1036 receptis

1060 1049 1166 1105 Summi
1181 1050 1359 1122 adpiscamur
1380 1067 1494 1107 munera
1516 1052 1595 1125 larga
1626 1053 1703 1108 boni.

1024 1136 1171 1211 Hildigrim
1187 1139 1295 1208 struxit,
1313 1139 1487 1194 lladabaldus
1502 1139 1649 1211 episeopus
1662 1141 1740 1196 archi

1060 1225 1240 1283 Sanctificauit
1260 1245 1266 1281 :
1283 1228 1371 1282 bonor
1385 1235 1476 1283 certus
1492 1237 1637 1300 utrumque
1651 1237 1743 1285 manet

1122 1368 1213 1441 Super·
1227 1385 1318 1425 unum
1333 1371 1427 1426 ultore
1441 1371 1567 1442 ejusdem
1587 1373 1725 1427 ecclesio.

1025 1497 1108 1551 latam
1123 1495 1287 1552 Dantbertus
1302 1498 1399 1553 retinet
1420 1499 1552 1555 blartinus
1579 1509 1608 1554 et
1629 1516 1717 1568 aram,

1060 1581 1187 1652 Quorum
1202 1600 1252 1640 nos
1267 1586 1406 1657 precibus,
1423 1586 1540 1653 Christe,
1558 1595 1635 1643 tuere
1653 1588 1717 1659 piis.

985 1681 1012 1741 B

1314 1729 1404 1801 Super
1431 1730 1520 1786 aliud.

1021 1843 1071 1900 llic
1087 1844 1167 1899 matri
1182 1844 1291 1900 Domini
1305 1844 1430 1912 sociaris,
1446 1855 1539 1903 sancte
1567 1848 1697 1920 Gregori,

1057 1933 1125 1988 Cum
1143 1949 1196 2005 qua
1209 1949 1261 2004 pro
1274 1933 1353 1989 nobis
1366 1933 1471 2005 poscito
1485 1945 1594 2007 sceptra
1625 1936 1678 1992 Dei

1268 2058 1355 2113 Aliud
1385 2060 1569 2130 epigramma.

1020 2190 1097 2247 lianc
1112 2190 1198 2247 sancti
1213 2192 1265 2246 sub
1280 2191 1384 2248 bonore
1398 2191 1471 2247 Petri
1482 2194 1625 2251 renovarit
1640 2204 1669 2253 et
1682 2200 1767 2266 auxit,

1052 2279 1144 2334 libbas
1162 2279 1319 2336 Grimaldus
1334 2280 1402 2336 lucis
1417 2296 1511 2336 amore
1534 2282 1657 2352 domum,

1017 2363 1065 2420 llic
1081 2380 1115 2420 ex
1130 2365 1214 2421 eorde
1227 2373 1324 2436 petens
1337 2364 1430 2420 diuino
1444 2381 1559 2423 munere
1586 2381 1677 2426 suntet

1052 2451 1132 2522 Quod
1146 2453 1227 2525 cupit,
1244 2462 1271 2509 et
1284 2454 1354 2509 votis
1369 2469 1489 2525 congrua
1504 2455 1577 2513 dona
1602 2459 1671 2514 suis.

1365 2594 1460 2657 Aliud·

1013 2689 1071 2746 Hoc
1085 2706 1203 2765 quoque,
1220 2697 1299 2767 uirgo
1313 2700 1364 2757 Dei
1373 2704 1491 2776 genitrix
1502 2706 1669 2775 veneranda,
1681 2708 1811 2764 sacellum

1049 2777 1205 2838 Grimaldus
1214 2783 1324 2842 humilis
1332 2793 1447 2863 compsit
1458 2793 1625 2849 honoretuo.

1012 2867 1068 2938 lpsi
1081 2870 1247 2940 mercedem,
1264 2878 1423 2951 cunctisque
1447 2882 1625 2952 precantibus
1637 2881 1708 2945 istic.

1047 2954 1127 3025 Quod
1140 2958 1185 3030 pie
1199 2975 1377 3034 praesumunt,
1394 2969 1494 3025 dedere
1508 2985 1593 3042 posce
1607 2971 1707 3027 Deum.

1341 3083 1436 3140 Alton.

1008 3173 1139 3233 Versibus
1153 3188 1232 3254 atque
1246 3187 1340 3242 metris
1354 3205 1404 3261 pur
1418 3198 1460 3246 est
1472 3191 1577 3247 donare
1603 3201 1712 3265 poetam

1042 3263 1076 3319 Ut
1088 3271 1230 3327 mercatori
1243 3274 1351 3331 charius
1365 3280 1492 3350 estquod
1506 3288 1588 3336 amat

1008 3351 1107 3410 Bellica
1121 3359 1242 3416 sordenti
1255 3362 1279 3416 si
1292 3374 1384 3435 portes
1399 3382 1477 3423 arma
1498 3370 1596 3426 colono

1027 3450 1158 3523 Despicit,
1181 3465 1208 3512 et
1223 3465 1447 3535 munusgrande
1467 3465 1570 3539 ligonis
1589 3466 1680 3522 babet.

1008 3537 1086 3594 lliles
1099 3541 1164 3598 item
1177 3543 1264 3614 fortis,
1280 3551 1371 3622 capiat
1385 3552 1409 3607 si
1430 3554 1549 3610 vomeris
1572 3570 1688 3626 usquam

1044 3626 1132 3700 Dona,
1148 3635 1239 3706 magis
1255 3635 1335 3694 lituos
1349 3639 1443 3713 deligit
1453 3649 1533 3715 atque
1543 3657 1667 3714 sparum.

1010 3712 1054 3771 Sic
1069 3718 1142 3788 quod
1155 3721 1269 3795 quisque
1282 3726 1357 3794 colit,
1374 3728 1472 3800 quaerit
1484 3730 1582 3802 magis.
1599 3730 1669 3786 ilinc
1693 3731 1740 3787 tibi

1042 3874 1163 3935 Credere
1179 3881 1337 3952 vernoulos,
1355 3886 1427 3945 alme
1441 3897 1528 3961 pater,
1544 3890 1628 3946 volui.
1700 3819 1808 3894 [meos

1006 3961 1142 4032 Quantum
1156 3968 1273 4028 delectet
1287 3981 1388 4033 toarno
1417 3977 1535 4048 dilecbo,
1553 3995 1587 4035 ne
1601 3978 1666 4034 dum

1040 4053 1176 4113 Emauare
1189 4075 1298 4131 queam,
1315 4063 1358 4120 vix
1374 4065 1431 4122 scio
1442 4074 1469 4123 et
1483 4066 1542 4139 ipse
1570 4067 1646 4124 setis.

1005 4139 1155 4213 Disciplina
1170 4146 1218 4202 tibi
1232 4150 1353 4207 nativum
1373 4161 1400 4210 et
1423 4154 1526 4211 tristior
1546 4173 1612 4211 usus

1041 4230 1151 4288 Abrasit
1164 4234 1286 4294 Scottum
1301 4249 1313 4276 ⁸
1327 4242 1520 4315 substituitque
1533 4245 1662 4316 probum.

1006 4317 1075 4375 Esto
1086 4321 1180 4390 iocum
1196 4335 1303 4398 repetas
1317 4330 1390 4401 quod
1403 4331 1469 4398 dixi,
1485 4332 1534 4387 sed
1548 4332 1616 4388 mibi
1648 4333 1797 4391 Cbronrnnl

1044 4409 1120 4466 blore
1134 4411 1230 4470 abiens
1243 4424 1345 4487 uestro,
1362 4419 1471 4475 tradidit
1479 4419 1533 4476 ista
1542 4420 1625 4494 loqui,

1007 4495 1048 4552 En
1064 4500 1202 4557 Fortunati
1216 4513 1308 4561 oratus
1323 4506 1371 4561 tibi
1383 4507 1460 4564 mitto
1484 4509 1591 4566 libellos

1042 4587 1250 4664 blensoremque
1263 4594 1349 4665 orbis,
1365 4596 1488 4671 perlege,
1504 4597 1605 4669 scribe,
1620 4599 1715 4656 reduc.

1008 4675 1073 4732 Sum
1088 4685 1159 4750 tuus,
1175 4689 1234 4738 esto
1248 4697 1335 4751 meus,
1352 4685 1424 4756 quod
1438 4694 1552 4759 uterque
1566 4686 1650 4744 babet
1664 4688 1736 4744 alte·

1480 4803 1489 4826 a
1644 4773 1654 4848 [
1671 4775 1728 4833 rius
1761 4778 1803 4847 Sli,

1040 4855 1085 4913 Sic
1098 4872 1151 4930 ego
1166 4866 1195 4914 tu
1210 4859 1262 4915 sim
1277 4859 1356 4927 alter,
1371 4869 1454 4935 tuque
1468 4862 1534 4918 mihi
1548 4861 1616 4920 alter
1630 4879 1695 4937 ego.

1004 4942 1057 4999 Per
1071 4960 1167 5003 nasum
1182 4948 1294 5020 conjuro
1308 4957 1393 5018 tuum,
1407 4951 1444 5005 mi
1457 4950 1658 5019 cbare,valeto,

1038 5034 1073 5090 Et
1086 5035 1231 5092 Dominum
1245 5054 1294 5110 pro
1309 5055 1362 5107 me,
1380 5055 1483 5114 queso,
1499 5055 1616 5115 precare
1631 5040 1732 5100 libens.

174 5221 345 5269 ⁸wntclmus
366 5223 597 5272 ltatmesbnrlensis
615 5224 761 5279 monachus,
794 5223 827 5269 da
870 5222 952 5271 oeatts
1002 5232 1156 5278 sanaremus.
1175 5235 1227 5278 not.
1245 5243 1292 5280 ms.
1321 5233 1441 5282 lucania.
1459 5257 1487 5270 -
1514 5235 1544 5282 at
1571 5235 1603 5281 nb
1628 5245 1659 5282 eo
1688 5237 1801 5292 tempus

148 5301 239 5352 regum
258 5291 398 5349 anglomm
408 5294 474 5340 libro
483 5295 595 5343 secando
606 5293 633 5340 tn
652 5293 755 5351 alfredo
785 5295 806 5341 tt
830 5293 866 5341 sio
908 5293 952 5340 ba-

149 5365 216 5415 bet:
240 5380 252 5407 ι
271 5367 323 5413 noe
342 5366 455 5422 tempore
473 5365 585 5413 ereditur
601 5365 684 5413 tnlsse
712 5367 822 5413 Joanncs
853 5367 949 5422 scotus,

148 5437 191 5486 vtr
218 5435 374 5496 perspicacis
393 5433 491 5494 ingenti
513 5439 540 5485 ct
560 5437 646 5485 multa
665 5436 798 5492 tsenndtn,
830 5436 873 5494 qul
902 5437 950 5486 du-

1001 5302 1232 5359 quoscrtpsttbaao
1256 5303 1404 5359 Seriverius,
1428 5305 1507 5353 molto
1535 5305 1621 5351 nouor
1647 5305 1731 5353 motus
1761 5308 1800 5354 est

1001 5371 1044 5419 itte
1062 5375 1171 5424 loannes
1181 5375 1277 5432 seatm,
1298 5375 1331 5423 de
1355 5385 1406 5435 qno
1428 5376 1502 5432 plura
1529 5376 1610 5424 babes
1629 5376 1698 5434 apud
1727 5379 1803 5433 care,

1000 5444 1105 5499 rtntnm,
1125 5447 1154 5492 nt
1171 5448 1196 5493 et
1232 5447 1259 5494 tn
1277 5449 1364 5496 nostra
1392 5447 1501 5497 ttistoria
1528 5447 1728 5508 amteaastteas,
1746 5459 1801 5508 qna

149 5508 210 5557 darn
222 5506 435 5566 commeantibus
452 5506 566 5563 undique
588 5507 715 5557 bellorum
742 5506 887 5566 fragoribus
923 5508 950 5556 in
1000 5515 1041 5563 bio
1056 5517 1151 5565 reterre
1174 5518 1252 5574 piget.
1267 5521 1342 5566 Basa.

147 5578 249 5627 lranria
277 5580 307 5626 ad
335 5579 447 5626 carolum
475 5578 578 5627 calvum
596 5579 738 5627 transierat.
761 5596 772 5621 »
797 5583 857 5636 ouo
880 5579 947 5631 vide.
