3772 6112
32 230 36 238 ’
140 256 192 313 stt
382 252 585 310 wauattarbt
602 251 723 310 STRABI
736 251 838 308 FULD.
852 249 939 308 uolt.
956 249 1032 308 OPP.
1048 250 1137 307 PARS
1151 250 1173 306 1.
1189 279 1224 293 ·-
1236 248 1473 308 THEOLOGIGA.
1739 251 1790 308 ⁸4⁸

142 366 216 435 sslius
231 377 341 435 luerint.
361 399 373 429 r
386 378 416 434 ld
428 386 470 433 est
481 377 607 434 conversi
615 377 650 433 de
661 376 798 450 gentibus,
816 376 862 448 qui
877 375 941 431 fidei
955 375 1078 448 Aipsam
1094 375 1250 449 diligenter,
1267 375 1290 431 si
1304 374 1410 431 firmior
1424 382 1475 443 est,
1503 373 1727 431 observationem
1741 390 1791 430 ex·

140 467 329 524 hereditatem
344 466 483 538 provehis
499 466 939 537 acceperunt,duritiamvestram
988 464 1090 520 hibeat.
1107 486 1118 514 ι
1134 464 1162 518 Si
1185 473 1275 520 autern
1303 464 1411 530 mulier,
1437 464 1544 534 decern,
1564 485 1576 515 ι
1594 463 1690 535 idest,
1712 461 1790 518 infir-

141 556 332 612 mirabuntur:
344 556 469 611 inimicos
483 563 631 611 autemeos
646 554 721 622 dicit,
738 555 817 626 quasi
831 563 939 611 contra·
988 552 1059 609 mior
1073 561 1161 609 tamen
1171 553 1349 609 historialiter
1359 552 1524 626 decalogum
1535 560 1636 609 servet.
1652 574 1664 603 ι
1678 552 1722 608 Ab
1737 566 1791 609 uno

142 644 209 702 rios.
228 646 308 701 «Vos
329 653 419 701 autern
450 644 607 717 dispergam
622 643 649 698 in
673 643 817 717 gentibus,
837 664 848 694 r
870 642 938 699 sicut
987 657 1082 698 mense
1101 641 1237 714 usquead
1260 658 1362 698 annum
1390 641 1523 713 quintum,
1542 662 1554 692 ι
1571 640 1600 696 id
1616 649 1668 708 est,
1685 640 1723 696 ab
1738 640 1792 696 ini·

143 734 274 805 deinceps
296 741 358 804 post
377 733 533 804 passionem
561 732 663 788 Christi
691 740 779 789 actum
803 731 937 787 videmus.
989 729 1025 786 tio
1040 730 1256 787 conversationis
1271 729 1406 803 usquead
1421 729 1643 786 observationem
1659 745 1792 786 sensuum

145 843 157 874 r
174 822 208 879 Et
223 821 376 894 evaginabo
400 829 462 893 post
485 837 535 878 vos
558 821 690 894 gladium.
710 820 843 893 »Ubique
867 820 939 875 enim
988 817 1095 885 fortior,
1106 819 1224 891 quinque
1235 818 1326 887 siclos,
1339 818 1418 874 idest
1429 819 1550 891 quinque
1562 817 1792 874 sensuumdomi-

146 911 261 966 verbum
277 910 328 965 Dei
342 909 404 965 illos
419 909 570 983 impugnat.
587 910 684 966 «Tunc
698 909 845 981 placebunt
857 916 939 965 terrae
988 908 1126 964 nationem
1137 927 1145 976 ;
1157 907 1300 973 infirmior,
1326 915 1391 973 tres,
1408 908 1461 963 hoc
1476 915 1519 963 est
1542 906 1684 962 Trinitatis
1711 904 1794 963 iidem

144 998 256 1054 sabbata
270 1013 330 1067 sua,
345 1019 356 1048 r
369 998 397 1053 id
412 1005 455 1053 est
470 998 627 1070 Scriptura,
645 997 717 1069 quod
733 997 939 1070 quiescitacar-
989 995 1084 1053 offerat
1112 998 1180 1053 Deo.
1213 994 1319 1065 Quibus
1346 995 1537 1067 incipientibus
1567 996 1665 1052 Petrus
1693 994 1792 1053 dicit:

140 1085 197 1143 nali
209 1086 408 1155 observatione,
420 1086 465 1142 cui
476 1103 527 1143 vos
536 1086 659 1158 requiem
670 1087 750 1156 justae
759 1085 939 1143 observantiae
990 1086 1067 1158 quasi
1104 1085 1187 1141 modo
1223 1083 1309 1158 geniti
1345 1083 1460 1140 infantes
1475 1087 1486 1157 t
1501 1085 1512 1139 l
1527 1087 1604 1141 Petr.
1631 1084 1699 1155 11),
1738 1090 1790 1141 etc.

138 1189 194 1232 non
208 1175 383 1247 praestitistis.
397 1175 511 1247 ‹Elqui
521 1175 710 1244 remanserint,
722 1175 795 1231 dabo
811 1190 939 1246 pavorem
991 1196 1003 1226 r
1021 1172 1222 1248 sexagenarius
1236 1181 1263 1229 et
1277 1173 1348 1229 ultra
1369 1173 1507 1230 masculus
1532 1172 1606 1228 dabit
1631 1172 1790 1244 quindecim

140 1263 169 1320 in
184 1264 315 1321 cordibus
329 1279 434 1320 eorum.
449 1285 460 1313 ι
473 1264 504 1319 ld
515 1263 611 1336 estqui
625 1263 700 1335 prius
715 1264 899 1332 crediderunt,
916 1263 940 1318 si
990 1261 1083 1319 siclos.
1102 1283 1114 1313 r
1140 1261 1342 1334 Sexagenarius
1367 1262 1424 1331 jam
1449 1260 1523 1317 bello
1552 1269 1580 1316 et
1605 1261 1711 1332 nuptiis
1738 1277 1793 1319 non

141 1352 245 1409 reversi
261 1351 371 1421 luerint,
386 1352 459 1409 dabo
487 1353 527 1409 eis
552 1352 768 1424 inquietudinem
795 1352 845 1407 sub
859 1351 940 1408 curi·
990 1350 1057 1407 satis
1071 1357 1159 1422 aptus,
1176 1358 1201 1406 et
1212 1366 1275 1405 eum
1291 1349 1380 1423 signat
1396 1348 1443 1422 qui
1454 1348 1488 1404 ad
1503 1348 1612 1406 culmen
1622 1364 1793 1405 summarum

140 1441 229 1497 atiano
244 1441 345 1514 populo
360 1440 528 1508 constitutis,
541 1441 577 1496 de
588 1441 706 1513 propriis
718 1440 830 1497 sedibus
842 1439 938 1511 pulsis.
990 1437 1120 1495 virtutum
1147 1439 1298 1495 ascendere
1325 1438 1416 1493 minus
1444 1437 1560 1494 idoneus
1588 1446 1641 1507 est,
1666 1437 1739 1494 sicut
1753 1445 1795 1493 est

84 1600 91 1610 ⁸
143 1529 297 1586 ‹Terrebit
310 1545 358 1585 eos
373 1529 477 1586 sonitus
493 1528 550 1585 lolii
566 1529 694 1597 volantis,
710 1551 721 1580 r
737 1529 764 1585 id
779 1537 821 1585 est
836 1536 941 1584 senten·
990 1527 1133 1599 virginitas
1147 1535 1173 1582 et
1188 1527 1346 1599 martyrium
1362 1534 1388 1582 et
1411 1527 1610 1583 monachorum
1634 1533 1710 1583 recta
1725 1541 1793 1582 oon·

138 1619 177 1676 tia
192 1620 389 1692 prophetarum
401 1636 408 1673 :
421 1618 553 1690 quidquid
568 1619 641 1674 enirn
655 1626 753 1692 gentes
767 1616 886 1674 viderint
905 1617 940 1674 de
990 1616 1119 1673 versatio.
1131 1615 1184 1685 Qui
1197 1617 1255 1672 hec
1267 1616 1326 1686 jam
1339 1615 1429 1671 minus
1443 1614 1558 1686 implere
1572 1622 1674 1686 potest,
1693 1614 1793 1671 reddat

137 1707 182 1763 his
196 1724 258 1780 quae
271 1708 315 1764 lerr
342 1707 470 1780 prohibet
492 1723 670 1779 presumere,
695 1715 779 1763 terret
793 1722 841 1762 cos
855 1715 973 1795 atqueB
992 1704 1147 1778 quindecim
1171 1702 1264 1771 siclos,
1281 1703 1309 1759 id
1330 1711 1370 1759 est
1395 1703 1638 1787 lortiterquinque
1662 1718 1794 1761 sensuum

140 1795 234 1852 videre
245 1794 397 1870 refugiunt3
408 1796 499 1852 «etita
509 1795 614 1867 fugiunt
624 1795 703 1866 quasi
713 1794 844 1867 gladium,
861 1802 935 1854 reto.
987 1793 1140 1851 custodiam
1154 1808 1217 1849 cum
1232 1792 1302 1866 legis
1316 1792 1501 1862 observantia,
1516 1813 1527 1843 ι
1541 1790 1654 1859 semina,
1668 1792 1793 1862 decemp

140 1884 214 1940 Dum
228 1884 268 1940 eis
283 1885 426 1956 quisquam
441 1883 640 1955 scripturarum
664 1882 791 1952 ostendit,
810 1903 822 1934 r
838 1883 938 1939 cadent
988 1883 1017 1938 id
1032 1890 1075 1938 est
1088 1879 1230 1949 infirmior,
1255 1880 1438 1954 decalogivel
1453 1881 1622 1937 historialem
1639 1881 1795 1938 observan-

141 1972 219 2028 nullo
239 1979 433 2044 persequente,
447 1971 498 2027 »id
513 1979 554 2027 est
577 1978 671 2044 putant
691 1972 720 2027 in
733 1971 835 2027 malum
858 1986 938 2026 suurn
989 1970 1069 2027 tiam.
1086 1970 1114 2027 Si
1137 1986 1243 2043 pauper
1266 1969 1359 2037 luerit,
1378 1991 1389 2020 s
1408 1977 1472 2039 etc,
1486 1969 1518 2025 id
1535 1978 1585 2036 est,
1602 1969 1627 2025 si
1640 1970 1725 2044 inops
1738 1969 1794 2026 rir-

141 2061 194 2117 hoc
207 2059 263 2134 agi,
279 2076 341 2117 curn
356 2076 411 2116 non
433 2067 545 2131 propter
568 2059 640 2115 aliud
664 2075 745 2132 quam
769 2059 938 2116 benevolen·
987 2066 1083 2129 tutum,
1119 2060 1257 2132 promissa
1270 2075 1480 2131 recompensare
1501 2073 1556 2114 non
1570 2060 1703 2131 potuerit,
1717 2073 1801 2131 quan·

141 2149 205 2205 bam
220 2148 281 2204 talis
295 2148 335 2204 eis
349 2148 467 2206 charitas
480 2148 649 2204 ostendatur.
663 2171 674 2200 r
686 2148 821 2206 Corruent
836 2147 940 2222 singuli
990 2156 1047 2204 tum
1063 2149 1088 2205 ei
1102 2148 1255 2220 imponatur
1269 2164 1286 2203 a
1300 2147 1448 2217 majoribus
1469 2147 1646 2204 considerata
1660 2148 1723 2218 ejus
1738 2146 1796 2203 vir·

140 2252 226 2309 super
246 2236 343 2292 iratres
375 2253 450 2307 suos,
469 2258 481 2288 r
502 2236 587 2292 idest
609 2237 747 2294 deducent
770 2236 799 2292 in
822 2236 937 2293 ruinam.
990 2245 1045 2294 tute
1060 2236 1193 2309 perficiat.
1212 2257 1223 2287 ι
1239 2236 1346 2292 Animal
1363 2236 1435 2308 quod
1460 2234 1594 2291 immolari
1607 2236 1728 2293 Domino
1742 2251 1794 2308 po·

143 2325 286 2382 ‹Hostihs
299 2341 348 2381 vos
369 2332 440 2382 terra
455 2334 606 2382 consumet.
626 2345 637 2375 ι
657 2325 797 2397 Scriptura
811 2324 939 2382 videlicet
990 2334 1053 2394 test,
1072 2347 1083 2376 s
1101 2334 1153 2383 etc.
1183 2325 1341 2398 Discipulus
1358 2325 1496 2397 quemlad
1511 2324 1623 2381 Domini
1648 2324 1793 2382 servitium

141 2413 299 2488 evangelica
322 2429 371 2472 vos
396 2430 487 2473 errare
508 2413 663 2471 convincet.
681 2435 693 2465 ι
712 2411 792 2483 Quod
816 2413 839 2469 si
854 2413 889 2470 de
904 2412 939 2468 iis
990 2414 1158 2486 disposueris
1181 2430 1237 2470 non
1260 2415 1414 2485 abjiciatur,
1429 2421 1460 2469 ut
1474 2430 1581 2485 quaeras
1596 2413 1694 2482 alium,
1714 2434 1726 2466 ι
1743 2427 1795 2472 nec

140 2501 225 2575 aliqui
266 2502 458 2573 remanserint,
504 2503 645 2559 tabescent
681 2502 709 2557 in
752 2501 939 2574 iniquitatibus
990 2503 1089 2559 melius
1109 2503 1192 2571 malo,
1219 2519 1270 2560 nec
1296 2503 1376 2575 pejus
1390 2502 1472 2559 bono.
1493 2503 1628 2558 »Bonum
1651 2502 1726 2559 malo
1740 2517 1796 2558 non

140 2591 207 2661 suis,
227 2599 309 2648 sete.
331 2591 384 2661 Qui
405 2591 555 2663 persistere
578 2590 673 2647 volunt
687 2591 715 2647 in
730 2599 820 2662 coepto
842 2605 938 2647 errore
990 2599 1152 2649 commutes.
1171 2592 1199 2647 Si
1215 2608 1280 2649 vero
1305 2591 1393 2647 malus
1415 2600 1466 2661 est,
1482 2591 1517 2647 de
1538 2591 1713 2648 correctione
1735 2592 1796 2662 ejus

141 2680 229 2753 patris
242 2680 358 2752 perdita,
375 2679 427 2752 ipsi
443 2696 551 2753 qnoque
565 2679 654 2751 poenis
668 2678 808 2747 deliciunt,
828 2679 940 2735 «donec
989 2680 1025 2736 n'e
1039 2678 1151 2737 deficias
1166 2695 1218 2737 nec
1242 2681 1350 2752 penitus
1375 2680 1498 2750 abjicias,
1512 2680 1561 2736 sed
1576 2680 1612 2736 ad
1625 2680 1796 2752 promissum

141 2767 323 2826 confiteantur
335 2768 489 2841 iniquitates
504 2785 579 2839 suas,
594 2769 660 2824 «vel
676 2768 720 2824 hic
739 2785 788 2840 per
801 2766 939 2840 poeniten-
990 2778 1158 2842 praeseutare
1182 2777 1287 2842 satage.
1306 2789 1317 2819 r
1334 2767 1387 2838 Qui
1413 2768 1568 2838 mutaverit,
1589 2789 1601 2818 ι
1618 2777 1684 2838 etc.,
1710 2769 1797 2825 idest

142 2857 218 2926 born,
235 2857 278 2914 vel
293 2857 321 2912 in
335 2856 425 2914 futuro
440 2857 476 2913 ad
486 2858 620 2914 rationem
636 2857 814 2912 reddendam.
828 2857 884 2911 «Et
897 2856 940 2912 in·
991 2857 1015 2914 si
1028 2857 1110 2913 aliurn
1126 2874 1177 2930 pro
1189 2857 1236 2913 illo
1250 2857 1404 2927 meliorem,
1429 2857 1599 2929 acquisieris,
1624 2858 1724 2915 ambos
1738 2856 1795 2912 sal-

142 2945 241 3003 dueam
264 2945 292 3000 in
319 2953 421 3001 terram
447 2945 585 3014 hostilem,
605 2967 616 2994 a
633 2944 661 3000 id
676 2952 717 3000 est
732 2944 761 2998 in
789 2944 941 3001 doctrinam
990 2962 1055 3002 vare
1070 2955 1217 3003 memento.
1237 2945 1372 3001 «Animal
1387 2946 1565 3013 immundum,
1593 2946 1668 3019 quod
1692 2946 1793 3003 burno-

140 3033 338 3108 evangelicam,
358 3033 471 3090 «donec
486 3034 632 3090 erubescat
655 3031 848 3088 incircumcisa
861 3048 940 3088 mens
992 3035 1041 3092 lari
1055 3036 1173 3092 Domino
1196 3051 1250 3091 non
1276 3043 1375 3106 potest,
1394 3055 1405 3086 r
1423 3043 1475 3091 etc.
1493 3034 1522 3090 ld
1538 3042 1588 3104 est,
1606 3035 1629 3090 si
1645 3035 1710 3106 quis
1733 3050 1795 3091 eum

141 3138 248 3190 eorum,
265 3143 276 3172 s
294 3121 434 3177 averitate
450 3129 587 3193 superata.
602 3142 613 3171 r
626 3121 660 3175 Et
675 3120 842 3177 recordabor
856 3119 940 3177 foede·
960 3094 1110 3181 CDomino
1125 3123 1281 3195 promiserit
1296 3123 1372 3193 cujus
1397 3123 1462 3179 vitia
1485 3140 1519 3179 ne
1534 3122 1668 3179 offeratur
1683 3131 1795 3180 contra·

142 3209 181 3265 ris
203 3209 299 3277 mei„
326 3218 391 3276 etc.,
417 3208 565 3281 spiritualis
587 3208 789 3280 promissionis.
816 3229 828 3260 r
851 3210 940 3265 Terrae
990 3213 1094 3282 dicunt,
1127 3213 1244 3284 pretium
1268 3212 1326 3281 ejus
1348 3220 1472 3284 ponatur,
1489 3211 1573 3267 idest
1597 3211 1719 3268 studium
1741 3212 1795 3267 im-

142 3312 251 3371 quoque
275 3313 381 3353 mernor
405 3313 463 3367 ero,
483 3297 534 3352 »id
550 3303 592 3354 est
606 3313 755 3370 synagoge
779 3312 883 3353 eorum.
900 3297 941 3352 De
990 3300 1134 3374 pendatur,
1152 3308 1181 3356 ut
1195 3301 1230 3356 de
1244 3299 1291 3356 illa
1305 3300 1472 3355 immunditia
1494 3300 1632 3356 liberetur.
1652 3299 1735 3370 Quod
1748 3314 1795 3356 sa-

142 3385 406 3442 sabbatismoterrae
426 3385 626 3458 supradictum
642 3394 693 3442 est.
712 3389 941 3441 «Attamencum
992 3389 1091 3448 cordos
1115 3389 1245 3459 dijudicat
1271 3389 1373 3444 bonurn
1397 3404 1433 3444 nn
1455 3388 1558 3445 malurn
1582 3389 1627 3455 sit,
1659 3387 1795 3461 significat

142 3481 235 3530 essent
248 3474 276 3528 in
290 3482 364 3530 terra
378 3474 479 3544 hostili,
496 3490 552 3530 non
560 3474 668 3547 penitus
684 3474 772 3544 abjeci
788 3490 846 3544 eos,
861 3493 873 3524 r
886 3481 939 3530 etc.
989 3479 1066 3534 illum
1081 3477 1240 3551 magistrum
1255 3477 1434 3534 considerare
1448 3477 1549 3534 debere
1563 3484 1657 3533 utrum
1667 3478 1702 3533 sit
1713 3477 1794 3535 corri-

144 3562 203 3619 Hoc
218 3571 260 3618 est
283 3562 356 3635 qnod
380 3563 446 3620 dicit
463 3564 622 3635 Apostolus.
641 3585 652 3613 r
671 3562 784 3619 Caecitas
807 3578 841 3618 err
862 3568 942 3634 perte
993 3567 1085 3641 gibilis
1100 3582 1135 3622 an
1150 3582 1215 3635 non,
1232 3566 1283 3622 etsi
1297 3566 1340 3635 sit,
1358 3566 1476 3622 studium
1492 3566 1671 3623 correctionis
1683 3566 1710 3623 ei
1724 3564 1797 3623 adbi-

143 3651 257 3724 contigit
272 3650 300 3706 in
315 3651 400 3707 lsrael
419 3652 509 3708 donec
523 3651 664 3724 plenitudo
679 3651 802 3724 gentium
815 3650 941 3717 intraret,
993 3656 1066 3712 beat.
1083 3653 1163 3725 Quod
1181 3655 1209 3710 si
1217 3654 1306 3710 lacere
1320 3654 1444 3722 voluerit,
1455 3655 1536 3711 addet
1544 3655 1669 3727 quintam
1678 3663 1793 3727 partem,

144 3746 171 3795 et
186 3739 226 3796 sic
239 3740 329 3796 omnis
343 3739 428 3796 lsrael
444 3739 535 3796 salvus
547 3739 626 3796 fieret
638 3741 790 3812 (linimur).
809 3759 892 3790 r-r
909 3740 944 3794 Et
992 3742 1022 3800 id
1036 3751 1078 3800 est
1091 3760 1142 3815 per
1157 3743 1324 3800 intellectum
1347 3758 1424 3798 sunm
1439 3744 1492 3800 hoc
1508 3743 1615 3800 efficiat.
1633 3743 1701 3800 ideo
1716 3743 1795 3816 quin-

144 3827 312 3885 reccrdabor
325 3827 437 3885 loederis
451 3828 506 3885 mei
520 3828 637 3901 pristini,
651 3836 740 3897 rete,
757 3827 822 3902 quia
831 3826 871 3885 eis
880 3841 945 3899 pro·
994 3840 1050 3889 tam
1063 3840 1170 3905 partem
1185 3832 1354 3888 intellectum
1376 3832 1491 3888 dicimus
1505 3831 1568 3904 quie
1585 3831 1704 3905 singulis
1720 3831 1795 3905 quin-

144 3915 290 3973 missionea
305 3916 431 3974 exhibitae
446 3924 519 3973 sunt.
995 3938 1048 3995 que
1064 3938 1193 3978 sensuum
1216 3921 1289 3977 idern
1313 3927 1423 3993 praeest.
1441 3943 1452 3972 r
1471 3920 1559 3977 ilomo
1573 3921 1597 3976 si
1612 3921 1722 3978 voverit
1743 3921 1794 3977 dc·

995 4027 1070 4067 mum
1089 4026 1176 4078 suam,
1196 4030 1207 4061 r
1225 4017 1289 4079 ete,
1306 4009 1391 4066 idest
1415 4009 1595 4067 domesticam
1617 4010 1793 4078 Ecclesiam

415 4129 528 4187 CAPUT
545 4129 659 4186 XXVII·
996 4099 1084 4172 qualis
1115 4100 1150 4155 sit
1181 4097 1280 4170 probet
1304 4106 1338 4186 'et
1354 4106 1485 4170 quantum
1516 4097 1598 4169 valet,
1631 4105 1740 4161 tanturn
1768 4096 1795 4154 ia

996 4186 1105 4244 Domini
1119 4184 1258 4243 servitium
1273 4184 1424 4261 redigatur.
1446 4209 1458 4239 ι
1477 4187 1505 4244 si
1520 4195 1612 4243 autem
1627 4185 1676 4243 ille
1690 4187 1737 4260 qui
1750 4200 1795 4243 vo·

189 4324 201 4358 ,
218 4302 270 4376 Qui
278 4302 455 4378 spopondeffi
469 4303 589 4360 ,nimam
604 4319 692 4372 guam,
705 4303 756 4359 sub
769 4302 946 4360 ,estimatione
996 4283 1074 4333 verat
1087 4276 1202 4332 voluerit
1217 4275 1355 4332 redimere
1371 4290 1443 4343 eam,
1457 4296 1469 4326 r
1481 4275 1508 4331 id
1524 4284 1566 4331 est
1580 4275 1604 4332 si
1619 4276 1720 4332 iterum
1735 4289 1794 4332 eum

151 4393 226 4451 dabit
240 4395 368 4467 pretium.
387 4414 398 4444 r
415 4392 467 4462 Qui
482 4393 564 4448 vitam
593 4408 670 4448 suam
698 4392 815 4448 pomino
843 4392 947 4449 voverit
997 4381 1096 4438 gerere
1111 4364 1312 4435 volueritjnxta
1326 4365 1494 4422 intellectum
1510 4381 1600 4432 suum,
1617 4364 1725 4422 fructus
1739 4365 1794 4435 ejus

153 4497 204 4554 pro
226 4481 404 4539 aestimatione
426 4481 526 4538 virium
540 4480 579 4535 illi
604 4480 716 4536 serviat.
735 4502 746 4532 ι
765 4481 794 4537 si
808 4449 983 4537 masculusD
996 4470 1196 4534 fe⁰0fflpe⁰⁵0‘·
1215 4484 1226 4513 ¹
1244 4460 1464 4535 QUOdSiagfflffl
1478 4460 1664 4532 POSSssSSlOssiS
1679 4477 1736 4517 ⁵¹¹ae
1751 4471 1793 4517 W

152 4569 406 4628 lueritavicesimo
431 4586 502 4626 anno
526 4587 613 4643 usque
637 4571 671 4625 ad
695 4569 907 4643 sexagesimum,
933 4589 945 4621 a
997 4560 1077 4628 verit,
1096 4581 1107 4610 s
1124 4568 1188 4626 etc,
1217 4558 1246 4614 id
1259 4568 1301 4615 8⁵1
1319 4558 1531 4627 mediffllifflefflr
1555 4574 1637 4630 (luam
1653 4558 1683 4613 5¹1
1704 4557 1794 4614 ‘filim

151 4659 235 4716 idest
264 4659 341 4715 lortis
356 4658 390 4714 ad
406 4660 476 4715 bene
490 4659 668 4730 operandum,
686 4674 701 4713 a
716 4658 898 4730 completione
911 4657 948 4714 le·
998 4659 1137 4731 Scriptura
1150 4659 1232 4715 debet
1246 4659 1348 4715 habere
1361 4659 1456 4728 ,juxta
1482 4674 1641 4713 mensuram
1665 4656 1795 4715 sementis

151 4748 205 4821 85⁸2
221 4765 283 4820 ‹1¹1ae
296 4747 325 4803 in
338 4746 473 4821 de⁰⁸¹⁰8⁰
488 4755 604 4815 0⁰1¹Sl⁸b
622 4747 703 4818 quiet
714 4747 862 4802 secundum
876 4746 947 4803 lille·
997 4758 1182 4828 estimabitur,
1198 4757 1282 4813 idest
1309 4757 1459 4814 secundum
1489 4757 1671 4828 capacitatem
1700 4772 1795 4814 sensus

151 4852 211 4893 ΝΠ]
226 4844 253 4892 0²
267 4835 425 4910 “flessfflii'ffl
444 4835 526 4891 debet
550 4836 691 4892 Obseslflsi
714 4851 801 4907 usque
816 4835 851 4890 ld
865 4851 947 4890 sela·
997 4854 1037 4911 sie
1050 4854 1231 4927 promittatur.
1243 4873 1255 4906 ι
1268 4854 1296 4910 Si
1311 4853 1423 4927 triginta
1433 4853 1533 4910 modiis
1544 4854 1641 4910 bordei
1656 4855 1768 4925 seritur,
1781 4874 1793 4905 r

150 4924 303 4996 genarium’
327 4925 354 4979 id
370 4932 411 4980 est
437 4923 633 5024 pfsfecfiffleffl
661 4940 786 5023 Qum·
816 4923 947 5023 seulfi&
996 4957 1049 5007 etc.
1067 4951 1096 5006 Si
1110 4966 1160 5022 per
1186 4949 1324 5006 Trinitatis
1352 4948 1434 5004 fidem
1458 4965 1556 5005 sensus
1578 4948 1651 5022 legis
1665 4949 1694 5005 in
1707 4949 1795 5006 littera

150 5011 288 5083 perseam
302 5028 353 5110 Per
366 5013 519 5112 denarfum’
535 5029 614 5112 aequ?
628 5013 790 5111 perfectum!
813 5012 946 5112 mulfsph'
996 5045 1104 5102 latentis
1118 5045 1199 5118 capit,
1215 5045 1250 5101 ad
1265 5044 1381 5117 Spiritus
1395 5045 1481 5101 sancti
1505 5044 1621 5118 gratiam
1638 5045 1795 5117 percipien-

151 5107 239 5167 ὕπατ’
251 5106 281 5154 Ut
290 5099 333 5154 1¹¹⁰
347 5111 516 5172 pmpmur'
535 5102 617 5156 Baba
637 5110 832 5174 qmnquafflma
853 5101 944 5170 ⁸¹⁰l⁰⁵’
996 5143 1059 5198 darn
1086 5142 1242 5199 meditetur.
1261 5162 1272 5193 r
1291 5141 1319 5198 Si
1330 5140 1418 5196 statim
1433 5141 1469 5196 ab
1483 5156 1554 5196 anno
1579 5139 1737 5212 incipientis
1749 5141 1794 5211 iu·

150 5185 180 5244 id
194 5194 244 5286 ᾤ’
261 5194 344 5284 ‘Qu-¹
373 5187 457 5285 mar-⁰
480 5206 565 5287 suam.
580 5189 761 5288 Spirifualioer
787 5189 900 5290 viv⁸·t'·‘
917 5189 946 5290 §i
996 5241 1067 5298 bitaei
1082 5240 1186 5298 voverit
1215 5248 1286 5297 »etc
1312 5239 1341 5296 st
1362 5239 1390 5294 in
1403 5238 1479 5295 initio
1502 5237 1722 5295 conversationis
1736 5255 1795 5296 me-

148 5275 257 5344 muher,
272 5282 394 5348 trrgrnta,
412 5275 464 5329 rrd
479 5283 530 5344 est,
558 5277 693 5334 infirmior
717 5286 778 5335 actu
807 5278 946 5334 Trmrtatrs
1189 5283 1196 5308 '
1289 5284 1295 5298 '

145 5363 229 5422 fidem
257 5379 320 5421 cum
342 5363 531 5420 observatione
555 5366 756 5423 mandatorum.
775 5369 827 5422 «Α
851 5368 945 5439 quinto
995 5338 1152 5395 dit⁸²i⁰¹¹⁰m
1188 5355 1264 5394 suam
1291 5338 1326 5392 ad
1352 5336 1471 5393 divinam
1498 5335 1589 5410 legem
1618 5337 1796 5392 mutandam

141 5469 213 5510 anno
237 5452 373 5526 usquead
403 5450 563 5507 vicesimum
592 5455 728 5511 masculus
751 5455 825 5510 dabit
849 5456 945 5529 viginti
995 5432 1236 5502 ⁰0mme⁰d³lierib
1253 5443 1381 5507 ‘inanium
1403 5434 1529 5489 lamiam
1543 5433 1675 5505 immerst-
1692 5441 1796 5490 mmm

138 5543 231 5612 siclos,
251 5564 262 5594 r
280 5542 309 5597 id
323 5549 374 5611 est,
390 5547 536 5614 postquam
553 5542 665 5598 sciverit
679 5544 800 5616 quinque
817 5545 944 5601 sensibus
995 5534 1223 5593 remunerabitur·
1242 5555 1253 5584 a
1271 5533 1319 5590 Sin
1331 5540 1422 5589 autern
1449 5539 1511 5605 post
1538 5529 1709 5603 aliquantum
1724 5538 1796 5589 tem·

136 5631 262 5704 eorporis
276 5631 325 5702 uti,
356 5646 445 5704 usque
459 5631 495 5688 ad
509 5629 700 5704 supradictam
723 5631 936 5706 completionem
992 5634 1080 5707 poris,
1098 5654 1111 5688 r
1128 5640 1192 5702 etc,
1208 5631 1237 5690 id
1251 5640 1293 5694 est
1306 5631 1330 5689 si
1343 5631 1373 5689 in
1394 5629 1563 5704 provectiori
1586 5637 1670 5689 etate
1692 5629 1796 5689 adhoc
