3772 6112
152 245 202 297 dli
463 237 667 294 wacarnrm
679 235 802 294 suntal
815 234 917 295 autb.
932 232 1020 293 NON.
1035 233 1113 297 OPP.
1123 234 1212 294 PARS
1225 233 1542 294 1.-T11E01.oulcs.
1755 240 1808 297 8¹2

156 362 283 420 fidelibus
304 362 339 418 ad
362 361 425 419 sits
450 360 665 418 sustentaculum
688 361 887 418 ministrantur.
915 359 956 416 De
969 360 998 423 A
1011 360 1055 417 cio
1063 359 1217 431 libamenta,
1231 359 1284 416 »id
1291 367 1333 416 est
1343 360 1482 433 sapientias
1491 358 1814 432 spiritualisinomnibns

157 452 279 511 canistro
293 459 322 507 et
336 451 453 522 panibus
468 467 542 521 saepe
553 450 610 519 jam
622 449 724 506 dictum
738 457 790 507 est.
809 452 922 506 «Aaron
932 456 960 505 et
1008 448 1199 506 instrumenta.
1218 448 1353 522 «Absque
1366 448 1537 506 caeremoniis
1547 447 1705 507 holocausti
1725 458 1812 506 matu-

157 539 278 612 tiliiejus
292 540 437 597 comedent
458 554 516 597 ecs.
545 560 557 590 ι
583 541 684 606 Aaron,
710 539 739 594 id
762 547 805 595 est
825 538 956 607 Christus,
1008 537 1066 606 tini,
1084 558 1096 590 s
1113 536 1142 594 id
1156 544 1198 594 est
1211 539 1286 610 agni,
1302 552 1384 610 quem
1398 538 1519 610 qnotidie
1533 553 1615 596 mans
1638 536 1811 596 offerendum

157 630 305 687 comedere
318 628 426 695 dicitur,
441 627 506 700 quia
520 626 600 684 nobis
622 641 673 684 aua
697 635 869 684 sacramenta
890 642 957 700 per-
1008 627 1147 698 praecepit.
1165 625 1290 683 Oilemnt
1304 624 1352 683 filii
1362 629 1454 682 Aaron
1468 626 1644 701 sangninem,
1661 624 1720 701 qui,
1746 626 1813 685 sicut

157 716 286 775 lechbilia
300 715 373 773 lacit.
392 737 403 770 ι
420 715 557 788 Quidquid
573 724 663 774 autem
679 715 813 789 reliquum
835 715 955 784 inerit»
1007 714 1154 787 Apostolus
1174 713 1315 787 praecepit,
1339 715 1555 788 quotiescunque
1579 713 1683 774 iaciunt
1705 714 1809 785 fideles,

157 806 315 878 etreliqua.
331 804 469 877 Quidquid
484 820 517 861 ex
531 804 575 861 his
592 804 673 862 nobis
693 806 822 878 supersit,
845 803 957 876 Spiritui
1005 801 1036 859 in
1049 804 1107 875 ejns
1123 800 1223 862 iaciunt
1252 803 1574 862 commemorationem«
1592 804 1713 877 Adipan
1722 804 1809 873 horis,

156 903 262 961 sancto,
279 894 325 967 qui
339 901 381 950 est
404 893 531 951 conscius
553 901 732 963 secretorum,
758 894 955 967 relinquamus.
1006 899 1034 950 et
1047 893 1172 962 caudam,
1189 909 1277 967 usqne
1291 901 1442 966 posuenmt
1456 909 1541 965 snper
1562 901 1689 965 pectora,
1710 913 1724 946 ι
1750 893 1811 966 quia

157 985 226 1041 «lle
240 983 310 1039 ostio
323 997 431 1056 quoque
444 983 613 1040 tabernaculi
628 998 683 1040 non
693 982 811 1052 exibitis,
824 1003 837 1035 s
850 990 877 1038 et
891 981 957 1039 reli·
1006 997 1088 1039 omne
1100 981 1267 1039 desiderium
1280 989 1306 1039 et
1320 981 1555 1054 perseverantiam
1569 997 1621 1054 per
1633 980 1758 1039 fidemet
1783 980 1811 1038 in

155 1087 219 1146 qua.
236 1071 300 1129 Site
314 1071 388 1129 omni
404 1079 528 1144 tempore
543 1071 606 1129 vitae
631 1072 756 1145 precipit
779 1071 807 1129 in
830 1070 957 1129 Ecclesia
1006 1067 1061 1127 lide
1074 1069 1174 1128 offerre
1188 1068 1330 1128 debemus.
1348 1092 1360 1124 e
1378 1071 1536 1129 Extendens
1549 1085 1662 1137 manus,
1681 1091 1693 1122 ι
1714 1078 1743 1127 et
1764 1085 1810 1127 ra·

154 1160 272 1218 Domino
286 1159 470 1228 serviendum,
486 1161 544 1218 sive
558 1160 624 1217 illud
638 1160 774 1236 significat
787 1159 860 1234 quod
873 1158 956 1216 disci·
1005 1157 1088 1232 liqna.
1110 1159 1241 1217 Extensio
1264 1174 1393 1216 manuum
1413 1158 1707 1216 intentsmorationem
1727 1156 1811 1233 signi·

70 1275 73 1279 >
153 1249 226 1323 pulis
240 1257 303 1322 post
316 1249 472 1322 passionem
478 1250 560 1320 iussit
574 1265 677 1308 suam:
696 1271 707 1303 ι
724 1249 780 1307 Vos
795 1257 895 1317 sutem,
909 1248 955 1305 in·
1004 1244 1077 1315 ficet,
1094 1255 1124 1303 ut
1139 1246 1228 1306 David
1246 1247 1312 1305 dicit
1333 1263 1341 1306 :
1364 1269 1376 1301 a
1397 1247 1522 1306 Elevatio
1542 1262 1811 1305 manuummearnm

153 1338 261 1412 quiens,
278 1338 372 1394 sedete
384 1338 414 1393 in
427 1338 566 1395 civitatem
580 1337 669 1396 donoc
682 1337 832 1394 induamini
845 1354 879 1395 ex
900 1337 955 1394 alto
1004 1335 1194 1409 (Psol.cxa),»
1206 1337 1630 1410 erenstequecompletishosths
1639 1335 1809 1394 descendite

153 1426 228 1499 (Act.
245 1428 304 1497 l),s
321 1435 373 1484 eto.
388 1426 460 1483 Nam
472 1427 508 1483 de
524 1425 839 1484 resurrectioneDomini
849 1434 955 1498 septem
1004 1425 1154 1483 Descensio
1176 1422 1311 1498 significat
1332 1425 1407 1499 quod
1425 1426 1523 1482 doctor
1547 1425 1695 1498 aliquando
1719 1440 1809 1494 orare,

152 1514 339 1573 hebdomades
353 1523 426 1582 sunt,
448 1516 501 1572 hoe
520 1523 563 1572 est
585 1515 687 1588 septies
710 1524 814 1588 septem
835 1515 905 1579 dies,
928 1522 955 1572 et
1004 1513 1151 1586 aliquando
1166 1513 1371 1572 adducendum
1383 1513 1445 1570 aliis
1466 1513 1548 1570 dehet
1574 1513 1808 1586 condescendere,

153 1603 272 1662 efficiunt
287 1604 346 1661 dies
362 1604 542 1679 quadraginta
555 1620 664 1671 novom,
675 1603 711 1661 ad
721 1621 802 1678 quem
812 1620 954 1660 numemm
1003 1610 1033 1659 ot
1046 1604 1145 1659 Patrius
1160 1602 1225 1659 dicit
1240 1619 1248 1660 τ
1266 1622 1279 1656 ι
1297 1603 1361 1662 Sive
1374 1603 1532 1660 excedimus
1546 1603 1617 1671 Deo,
1642 1602 1704 1660 sive
1725 1602 1808 1659 sobrii

151 1693 409 1767 quinquagesimum
423 1694 508 1750 addes
523 1693 607 1760 diem,
633 1693 680 1766 qui
704 1694 828 1751 revoluto
852 1693 953 1764 septies
967 1708 1100 1783 Bsumus
1114 1692 1193 1749 vobis
1206 1692 1245 1765 (ll
1257 1692 1318 1751 Cor.
1335 1693 1375 1764 v).
1393 1712 1406 1744 s
1422 1691 1490 1748 Vel:
1503 1690 1624 1748 extendit
1633 1708 1736 1749 manus
1746 1691 1809 1748 dom

152 1782 255 1840 circulo
267 1780 321 1839 diei
335 1782 541 1840 resurrectionis
556 1783 684 1850 occurrit,
707 1799 787 1855 quem
798 1781 826 1838 in
837 1797 958 1855 sequen·
1009 1797 1040 1838 se
1054 1781 1082 1837 in
1097 1789 1203 1839 secreto
1217 1781 1385 1839 orationibus
1399 1788 1524 1848 exeroet;
1545 1772 1691 1838 descendit
1720 1788 1810 1838 autem

152 1870 225 1927 tibus
240 1878 370 1928 octavum
383 1871 516 1938 nominat,
532 1869 596 1943 quia
619 1870 755 1942 prioribus
769 1879 957 1943 perseptena-
1006 1869 1072 1927 dum
1090 1869 1187 1928 iterum
1216 1868 1252 1926 ad
1275 1886 1324 1927 sua
1355 1868 1427 1928 iacta
1461 1869 1634 1927 discuhenda
1655 1869 1808 1928 mearant.

152 1959 221 2017 num
230 1959 382 2032 absumptis
393 1959 452 2031 ipse
461 1967 503 2015 est
512 1959 643 2031 septenis,
668 1967 695 2016 et
709 1958 739 2016 fit
757 1959 831 2016 idem
853 1959 957 2032 primns
1008 1959 1159 2033 «lngressi
1173 1968 1265 2018 antem
1281 1960 1390 2032 lloyses
1404 1967 1432 2015 et
1450 1960 1553 2027 Aaron,
1578 1975 1670 2034 usqae
1691 1959 1809 2034 egressi,

152 2055 178 2106 et
192 2057 313 2105 octavus.
332 2069 344 2101 ι
357 2048 407 2104 Die
421 2063 453 2104 nc
466 2056 545 2104 nocte
561 2048 717 2116 manebitis,
734 2070 746 2100 i
761 2057 787 2105 et
802 2049 916 2121 reliqua.
927 2048 958 2107 ld
1006 2047 1203 2106 benedixerunt
1209 2047 1350 2121 populum.
1362 2069 1374 2099 ι
1387 2047 1486 2104 Coram
1496 2047 1607 2104 Domini
1623 2047 1726 2117 oculis,
1747 2063 1810 2122 qua·

151 2137 235 2195 estin
248 2136 389 2209 prosperis
403 2143 430 2192 et
443 2137 549 2209 asperis
562 2136 592 2193 in
616 2137 738 2195 Ecclesia
754 2155 761 2205 ;
779 2137 957 2196 observantes
1005 2135 1030 2193 si
1052 2137 1081 2193 in
1102 2153 1226 2211 egressu,
1249 2137 1277 2194 in
1299 2144 1406 2194 secreto
1431 2135 1520 2193 oratio
1543 2135 1687 2193 fundenda
1709 2145 1763 2205 est,
1783 2145 1812 2193 nt

151 2226 301 2294 custodias,
317 2235 343 2282 et
359 2225 485 2299 reliqua:
501 2225 673 2284 intendentes
683 2226 743 2298 ejus
761 2227 897 2285 mandatis
928 2233 957 2284 ut
1005 2224 1070 2283 inde
1084 2227 1162 2299 quasi
1175 2227 1204 2283 in
1221 2242 1336 2301 egressu
1359 2224 1514 2283 benedictio
1537 2225 1717 2297 suscipiatur.
1741 2227 1808 2282 Pan·

150 2315 205 2374 vita
228 2323 329 2374 retem
354 2313 431 2390 digni
452 2313 616 2373 efficiamini.
1004 2313 1048 2371 lus
1062 2315 1136 2372 snim
1149 2315 1214 2375 dicit
1230 2331 1238 2373 ε
1255 2316 1442 2372 «Benedictus
1454 2316 1538 2382 Dens,
1550 2314 1751 2388 quibensdixit
1760 2331 1809 2372 nos

1004 2401 1130 2460 inomni
1158 2402 1347 2461 benedictione
1378 2403 1512 2476 spirituali
1537 2401 1568 2459 in
1592 2402 1756 2460 ooelcstibns
1782 2403 1810 2460 in

1005 2490 1114 2549 Christo
1128 2492 1240 2566 (prss.
1256 2493 1287 2564 1).
1306 2510 1318 2546 a
1335 2491 1427 2548 Primo
1450 2492 1524 2548 enim
1545 2491 1623 2563 dicit,
1645 2492 1675 2548 id
1694 2500 1740 2550 est
1753 2492 1810 2550 lau·

1004 2577 1052 2635 dat
1066 2581 1165 2648 Deum,
1179 2589 1207 2638 at
1219 2581 1395 2653 postmodum
1413 2581 1505 2637 datam
1523 2588 1615 2638 narrat
1634 2580 1809 2639 benedictio·

1004 2684 1078 2725 nem.
1097 2671 1308 2744 ‹appamitque
1319 2670 1409 2742 gloria
1423 2669 1531 2726 Domini
1558 2688 1570 2724 s
1595 2670 1685 2727 idest
1708 2669 1739 2726 in
1764 2670 1809 2727 die

1003 2757 1180 2817 Pentecostes
1193 2759 1327 2817 adventus
1341 2758 1457 2832 Spiritus
1472 2757 1567 2816 sancti.
1584 2779 1598 2812 s
1619 2761 1655 2816 Et
1676 2774 1808 2833 egressus

458 2543 573 2602 CAPUT
602 2543 651 2600 lX.

184 2726 198 2758 a
215 2704 298 2762 Facto
312 2710 408 2761 octavo
423 2703 478 2775 die,
496 2722 508 2754 s
525 2710 552 2760 et
566 2659 681 2775 reliqua.
697 2703 728 2758 ln
742 2701 869 2759 dieenim
879 2701 954 2757 Pen-

147 2801 265 2852 tecostes
279 2791 412 2851 credendi
427 2799 491 2848 sunt
512 2792 629 2863 apostoli
652 2791 802 2848 ministeria
832 2790 954 2863 eorporis
1005 2844 1011 2857 ,
1054 2846 1059 2857 ,
1190 2848 1195 2860 ,
1369 2850 1374 2860 ,
1494 2849 1525 2860 ,,

145 2882 246 2940 Christi
259 2883 427 2951 celebrasse,
445 2882 498 2938 hoo
513 2889 556 2937 est
570 2881 684 2938 vitulum
693 2880 862 2938 immolasse.
875 2879 954 2937 Aries
1003 2862 1104 2948 ww
1117 2850 1244 2917 D⁰m¹¹¹⁰’
1258 2870 1270 2901 '
1287 2857 1316 2950 ⁰¹,
1327 2850 1440 2950 ΜΨ·
1454 2848 1572 2921 smum
1586 2857 1732 2950 ww
1750 2850 1808 2907 Μ

143 2970 173 3027 in
188 2971 388 3039 holocaustum,
403 2970 438 3026 ad
448 2970 540 3042 ipsum
555 2970 683 3041 pertinet,
700 2969 762 3042 quia
776 2970 832 3025 dux
846 2969 952 3041 gregis,
1003 2951 1127 3006 vemens,
1142 2946 1203 2995 vota
1217 2946 1245 2995 et
1258 2939 1395 2995 desideria
1407 2947 1565 2996 sanctornm
1577 2939 1700 2996 Domino
1713 2954 1809 2996 emsa·

144 3068 172 3118 et
186 3067 241 3116 tota
255 3060 347 3133 passio
361 3059 422 3129 ejus
438 3059 488 3114 Dei
504 3058 710 3130 dispensatione
733 3065 796 3114 acta
823 3064 874 3114 est.
891 3056 951 3113 Filii
1004 3027 1100 3125 mit·
1128 3049 1140 3079 ¹
1167 3025 1248 3097 ΟΜ
1269 3044 1333 3128 Ψ
1355 3027 1486 3128 Vid{⁸⁸⁸¹¹¹
1507 3029 1603 3094 ‘urm‘
1628 3026 1820 3128 lwdffemns

144 3149 229 3205 lsrael
244 3149 342 3221 quihus
355 3147 505 3219 imponitur
519 3146 615 3203 fideles
630 3154 702 3213 sunt,
728 3146 857 3218 quicum
882 3162 950 3220 apo-
1001 3116 1286 3216 D⁰¹¹¹¹J¹¹¹m2me¹ff¹⁰⁸
1308 3133 1337 3172 ¹¹¹
1360 3115 1444 3217 ΨΘ*
1458 3133 1564 3172 8“”·’
1590 3116 1659 3217 οφ
1673 3117 1808 3218 ”dssmm

91 3223 96 3233 '
144 3235 353 3293 solistumum.
369 3235 716 3310 Nemeentumetnginn
737 3235 774 3291 ni
801 3234 886 3293 tuisse
909 3235 951 3292 ‹u-
999 3203 1085 3260 ΜΨ]
1100 3215 1217 3279 mmm
1231 3222 1259 3260 ¹¹¹
1274 3205 1549 3306 apostousetverns
1562 3205 1636 3261 ΡΜ
1651 3206 1804 3306 ΜΨ»

144 3333 251 3384 cuntur.
274 3324 436 3382 Obtulernnt
465 3324 582 3391 hircum,
615 3325 659 3381 vel
689 3324 789 3380 Christi
815 3324 950 3396 passionis
999 3293 1129 3351 unum
1144 3294 1226 3394 refer}
1239 3294 1312 3365 (Μ’
1326 3295 1369 3367 “)’
1384 3303 1541 3395 ῩΟῙΠΡἾΠΨ
1563 3294 1649 3351 ⁰⁰¹d⁰
1671 3295 1802 3396 “Q

141 3413 260 3488 gloriam
275 3413 464 3486 predicantes,
481 3413 528 3486 qui
542 3429 591 3485 pro
601 3413 720 3485 peccatis
730 3414 832 3470 nostris
840 3414 949 3470 oblatus
1001 3390 1073 3451 mm*
1090 3392 1261 3484 “illm
1275 3391 1337 3440 Μ
1350 3392 1567 3484 ΜΨΜῩΜ
1576 3390 1699 3458 ‘Imm'
1711 3384 1805 3484 Qun·

143 3511 201 3570 est;
219 3503 262 3560 vel
281 3501 344 3575 qnia
359 3502 456 3559 Petrus
472 3502 570 3558 eadem
585 3503 630 3558 die
645 3502 951 3574 praedicavitpoeniten·
1001 3470 1081 3541 ΟΜ
1101 3473 1209 3573 &mnf
1236 3491 1248 3526 ‘
1273 3482 1384 3529 meum
1404 3490 1433 3573 ¹¹¹,
1456 3473 1542 3530 sw¹⁰⁸
1565 3489 1653 3541 Μ’
1676 3493 1691 3526 ¹
1715 3479 1806 3546 Ψ*

142 3591 217 3648 tiam
240 3595 349 3666 ignum
364 3591 537 3649 innocentem
560 3592 683 3649 virentes
712 3590 745 3666 [s.
770 3591 835 3649 cdd.
862 3590 949 3666 recte}
1000 3576 1096 3619 mmm
1109 3561 1290 3620 humfflmem
1303 3561 1338 3620 “d
1360 3563 1549 3636 mumdum
1568 3577 1699 3635 pm·

143 3681 328 3748 obtulemnt3
357 3680 467 3749 hovem,
491 3681 519 3737 id
547 3688 589 3738 est
616 3680 700 3737 fortia
728 3696 813 3752 opera
845 3680 951 3737 fortiter

141 3769 304 3843 proChristo
313 3777 459 3837 certantes,
470 3769 612 3837 arientem,
623 3777 653 3826 ut
663 3785 757 3842 supra.
772 3770 827 3826 ‹ln
840 3767 948 3826 sacrifi·
1330 3775 1445 3836 CAPUT
1474 3777 1512 3835 x,

143 3857 187 3916 cio
201 3859 381 3933 singulorum,
399 3878 411 3909 ι
428 3859 582 3931 etreliqua.
599 3859 632 3914 ln
653 3858 769 3931 singtilis
788 3858 951 3930 sapientiam

143 3946 265 4005 ninum
279 3948 469 4015 exhibuemnt,
486 3948 555 4004 sicut
570 3947 670 4003 dieitur
687 3964 695 4004 ε
713 3968 725 3999 ι
740 3948 888 4019 Coepemnt
908 3946 950 4003 lo·
1035 3946 1133 4003 Nadab
1143 3954 1170 4003 et
1183 3946 1254 4004 Abin
1267 3947 1361 4023 ignem
1374 3947 1493 4007 alienum
1507 3948 1655 4007 offerentes
1669 3950 1735 4024 igne
1760 3952 1802 4009 dl·

145 4035 192 4111 qui
213 4037 294 4093 variis
321 4037 433 4110 linguis,
465 4045 547 4108 prout
580 4035 698 4108 Spiritus
728 4043 838 4092 sanctus
868 4035 951 4091 dabat
1000 4035 1065 4092 vino
1081 4035 1255 4093 damnantur.
1272 4037 1318 4094 Sic
1331 4038 1360 4094 in
1375 4038 1501 4096 Ecclesia
1516 4038 1611 4111 ignem
1629 4039 1736 4096 erroris
1762 4037 1804 4097 rel

144 4125 237 4198 eloqui
250 4125 304 4181 illis
319 4125 450 4198 (tea-up
469 4144 481 4176 s
505 4124 621 4181 ‹llodie
635 4124 706 4180 enim
728 4123 870 4196 apparebit
891 4125 950 4181 Do-
1000 4124 1154 4196 cupiditatis
1168 4125 1357 4194 incendentes,
1383 4127 1476 4184 divino
1499 4127 1603 4186 ultione
1619 4128 1802 4197 condemnati,

145 4209 237 4270 minus
250 4213 339 4282 robis,
358 4213 453 4270 »sicut
467 4213 599 4285 scriptum
614 4220 656 4269 est
673 4229 680 4268 :
697 4234 708 4266 ι
730 4213 819 4269 iactus
842 4221 884 4268 est
901 4228 950 4268 re·
1000 4213 1070 4271 sicut
1084 4214 1215 4285 haeretici,
1232 4222 1259 4271 et
1273 4215 1317 4272 hic
1331 4216 1601 4286 anathematizantur,
1617 4225 1644 4274 et
1662 4217 1694 4274 in
1715 4218 1802 4275 futuro

146 4311 228 4377 pente
243 4304 278 4360 de
292 4303 362 4361 caelo
377 4318 471 4368 sonus,
490 4323 502 4353 ι
519 4310 572 4359 etc.
590 4301 682 4375 (ibid.)
696 4303 730 4358 Et
741 4309 804 4373 post
828 4317 916 4373 pauca
940 4318 948 4357 z
999 4301 1108 4377 ignibus
1123 4312 1311 4361 reservantur.
1329 4326 1341 4356 ι
1359 4304 1555 4363 sanctificabor
1570 4305 1657 4375 iniis,
1675 4327 1687 4360 s
1704 4306 1803 4364 etreli-

148 4414 160 4446 a
178 4395 368 4466 apparuerunt
383 4392 435 4447 illis
450 4391 707 4463 dispertitaelinguae
722 4391 950 4464 (1ttd.),2etoae·
1001 4408 1063 4464 qua.
1081 4393 1139 4449 lloc
1154 4401 1196 4449 est
1211 4410 1218 4450 :
1234 4403 1345 4450 sanctus
1359 4411 1480 4467 appareo
1500 4396 1563 4451 dum
1585 4411 1641 4453 non
1665 4404 1742 4454 recta
1754 4411 1802 4469 ap·

148 4490 207 4540 tera
221 4499 282 4555 quae
296 4490 467 4555 sequuntur:
485 4480 602 4553 Spiritus
617 4488 726 4537 sanctus
748 4479 819 4535 enim
832 4480 907 4536 Deus
922 4485 949 4536 et
962 4446 1217 4553 Dpropinquantes
1228 4483 1303 4552 iusta
1321 4482 1495 4540 damnatione
1516 4484 1624 4555 dejicio.
1652 4506 1665 4537 ι
1692 4484 1801 4542 toartis

149 4571 283 4630 Dominus
296 4580 348 4628 est.
368 4593 380 4625 ι
397 4570 525 4644 Dixitque
538 4571 647 4642 Moyses
661 4569 800 4661 adqhsron
817 4585 826 4624 t
841 4569 949 4626 Accede
1000 4578 1091 4626 autem
1104 4571 1213 4643 Moyses
1226 4572 1351 4644 Misahel,
1368 4594 1380 4624 s
1398 4573 1551 4646 etreliqua.
1574 4573 1692 4630 ldisahel
1710 4577 1801 4632 ottre-

149 4662 185 4718 ad
198 4661 294 4729 altare,
311 4680 323 4712 s
339 4667 367 4717 et
380 4660 495 4733 reliqua,
512 4675 544 4716 ac
552 4658 726 4731 deicepsiet
736 4659 884 4730 deprecare
900 4673 950 4729 pro
1000 4660 1088 4717 static
1113 4660 1335 4732 llei,·Elsapham
1350 4663 1403 4719 Dei
1423 4663 1569 4737 maculam
1592 4662 1801 4736 interpretatum

150 4757 187 4807 te.
206 4770 218 4803 s
235 4750 358 4807 Christus
371 4765 420 4822 pro
436 4765 465 4806 se
480 4763 561 4806 orare
574 4757 600 4805 et
625 4747 721 4805 offerre
741 4747 850 4815 dicitnr,
877 4746 951 4820 quod
1000 4750 1089 4804 Aaron
1104 4749 1155 4805 hoc
1169 4748 1230 4805 loco
1244 4756 1338 4822 typum
1361 4749 1433 4824 legis
1455 4757 1544 4826 gestat
1567 4750 1686 4818 ;Ozihel
1709 4752 1801 4809 nvan-

68 4841 70 4845 ’
150 4838 216 4897 iacit
229 4856 280 4912 pro
295 4854 410 4913 corpore
425 4854 493 4905 suo;
509 4837 552 4895 vel
574 4838 656 4894 etiam
673 4853 725 4909 pro
747 4853 777 4893 se
801 4836 950 4894 secundum
1000 4836 1426 4911 geliiquieratpatruusharon,
1449 4839 1513 4913 quia
1528 4838 1659 4897 affinitate
1686 4839 1803 4914 quadam

152 4927 347 4985 humanitatem
360 4928 446 4985 oravit
461 4945 498 4983 τι
522 4928 613 4993 Pater,
636 4926 773 4999 inquiens,
798 4926 827 4980 in
852 4940 951 4981 manus
1000 4925 1076 4982 etlex
1090 4927 1174 4983 tendit
1184 4927 1219 4983 ad
1227 4927 1452 5000 Evangeliinn,et
1467 4928 1803 5005 adlegemllvanqelium:

150 5023 213 5073 tuas
227 5017 388 5073 commendo
401 5017 526 5088 spiritum
539 5032 630 5072 meum
645 5014 755 5087 (llcttb.
772 5014 876 5087 xxvii),
897 5035 909 5065 ι
924 5020 952 5071 et
1000 5015 1077 5086 cnjus
1098 5013 1155 5083 lilii,
1180 5016 1209 5072 id
1231 5024 1273 5073 est
1298 5016 1369 5073 Novi
1392 5017 1559 5074 Testamenti
1569 5025 1738 5082 sectatores.
1754 5017 1801 5093 qni

153 5104 238 5161 multa
257 5104 365 5161 similia.
388 5105 441 5161 Pro
455 5104 556 5177 populo
582 5112 673 5160 sutem
696 5102 770 5159 fideli
795 5111 864 5176 orat,
887 5102 952 5175 qnia
1001 5112 1148 5161 attractant
1163 5106 1260 5178 Deum,
1277 5106 1304 5162 id
1319 5106 1455 5163 asthonis
1470 5107 1750 5182 operibusquaemnt,
1774 5112 1802 5164 et

154 5208 249 5252 eorum
263 5200 327 5248 vota
353 5193 423 5248 Patri
444 5193 532 5260 offert,
555 5201 583 5250 et
606 5202 648 5249 est
668 5192 805 5265 propiatio
819 5208 871 5265 pro
883 5208 952 5264 pec·
1001 5195 1061 5265 ejus
1074 5194 1245 5264 maiestatem
1261 5212 1330 5268 pura
1343 5204 1433 5253 ments
1444 5196 1627 5270 speculantur,
1643 5197 1799 5265 haereticos,

153 5283 223 5343 catis
237 5297 342 5339 sorum.
358 5280 478 5337 vitulum
491 5282 596 5339 obtulit.
613 5282 641 5338 Si
654 5282 688 5337 ad
702 5282 838 5339 Christum
853 5280 951 5350 flectis,
1001 5281 1030 5339 in
1044 5284 1101 5339 suis
1115 5285 1235 5356 peccatis
1258 5293 1392 5353 tacentes,
1407 5287 1443 5342 ab
1457 5286 1560 5343 unitate
1574 5286 1735 5360 propellunt
1752 5286 1804 5344 Eo-

154 5373 252 5432 ohtulit
266 5386 296 5428 se
306 5386 356 5443 pro
370 5369 468 5438 nobis3
485 5370 509 5424 si
521 5371 556 5425 ad
570 5369 681 5443 aliquod
695 5370 794 5427 summi
817 5369 952 5443 pontificis
1002 5372 1103 5431 olesiae.
1119 5374 1186 5430 Cum
1200 5373 1296 5432 tunicis
1311 5374 1400 5444 lineis,
1425 5375 1489 5449 quia
1509 5375 1673 5449 deceptores
1683 5375 1804 5450 speciem

153 5465 318 5528 membrum,
334 5467 398 5516 tunc
406 5458 645 5532 vitulnssignificst
654 5460 734 5516 tortia
743 5475 828 5531 opera
834 5477 893 5532 quae
902 5476 953 5532 per
1001 5460 1116 5520 induunt
1129 5464 1237 5536 pietatis
1252 5480 1305 5538 quo
1321 5464 1426 5523 facilius
1440 5465 1555 5538 laqueos
1576 5465 1702 5523 tendant.
1721 5486 1734 5519 ‹
1757 5465 1804 5523 (la-

153 5553 288 5610 Christum
302 5548 953 5622 offerimus.Quaesequuntnrdevitulosupradi·
1001 5550 1057 5624 pita
1070 5561 1161 5609 vestra
1174 5553 1257 5610 nolite
1270 5553 1384 5624 nudare,
1415 5575 1427 5608 ι
1458 5560 1485 5611 et
1515 5553 1630 5628 reliqua.
1664 5554 1804 5613 Christum

155 5648 199 5699 cta
213 5648 285 5712 sunt,
299 5640 455 5698 similiteret
462 5637 498 5696 da
506 5636 674 5695 holocausto.
685 5638 853 5696 ‹Addensin
866 5637 953 5696 sarid·
1001 5640 1128 5702 uidelicet
1139 5641 1345 5714 nondividatis,
1361 5640 1408 5718 qui
1420 5650 1464 5702 est
1485 5651 1566 5718 caput
1588 5642 1737 5705 Ecclesia
1760 5643 1803 5701 Pi·
