3772 6112
119 268 172 322 stt

422 262 624 318 walarum}
638 261 760 318 sanast
774 260 875 318 FULD.
891 257 978 316 llON.
999 260 1101 317 PARS.
1121 261 1143 315 l.
1164 290 1197 301 -
1222 258 1459 317 THEOLOGICA.
1721 263 1766 316 stc

156 389 242 444 Vans.
260 389 303 443 tt.
322 417 356 429 -
372 386 459 444 Omne
484 388 674 459 qaodcunque.
700 385 767 455 Quia
791 383 958 458 praecepitA
971 385 1095 457 equitas,
1111 383 1160 440 sed
1175 384 1342 455 duplicatum
1355 392 1508 457 peccatum,
1532 381 1562 439 in
1585 397 1642 456 quo
1664 390 1705 440 est
1717 383 1764 439 ini-

121 494 205 548 supra
219 478 306 533 Deum
321 476 424 532 laudari
446 476 473 530 in
496 476 589 544 corde,
615 490 687 530 nnnc
709 482 735 530 et
751 474 778 529 in
792 474 883 530 verbis
897 481 925 530 et
973 474 1061 546 quitas
1076 482 1103 530 et
1117 472 1261 529 simulatio.
1320 474 1324 479 ’

119 566 148 621 in
163 564 243 622 iactis
258 581 356 621 nomen
380 565 430 620 Dei
444 564 559 632 laudari,
585 571 611 618 et
636 563 751 619 exaltari
774 564 922 618 hortatur:

120 663 149 711 ut
159 654 203 714 sic
216 655 300 710 verbs
315 661 407 710 nostra
428 659 455 708 et
476 668 557 724 opera
572 659 683 708 careant
698 651 921 723 reprehensione,

120 751 150 798 ut
164 741 352 816 magnificetur
371 741 513 807 Dominus,
538 740 616 811 cujus
641 740 798 814 magisterio
821 738 922 795 invitu-

119 830 255 902 perabiles
270 838 333 884 sunt
347 828 483 900 discipuli.
501 829 612 885 Omnia.
629 830 689 884 Non
706 827 793 884 solum
808 845 868 900 que
882 827 923 883 ia·

119 919 181 975 citis
195 917 223 972 in
238 918 322 974 uerbo
342 917 385 973 rel
400 933 494 989 opere,
517 918 567 972 sed
586 917 685 985 omnia,
710 917 790 972 etiam
814 916 922 988 cogita-

117 1007 214 1072 nones,
226 1014 254 1062 et
267 1011 290 1061 sl
306 1021 359 1079 qua
373 1011 435 1060 sunt
446 1005 512 1085 balla.
525 1005 574 1061 Vel
589 1004 719 1078 quidquid
731 1005 829 1072 facitis,
841 1004 922 1061 tacite

117 1111 207 1162 omne,
224 1095 251 1149 id
266 1103 307 1151 est
322 1094 483 1166 perlectum,
499 1095 558 1150 Deo
572 1094 755 1160 attribuendo,
767 1102 793 1148 et
807 1095 859 1149 hoc
868 1102 919 1161 est,

116 1183 249 1241 facientes
273 1182 301 1237 in
325 1184 445 1239 nomine.
475 1184 588 1240 Gratias
611 1187 736 1255 acestes.
758 1182 834 1238 Tunc
856 1198 921 1239 vere

117 1273 225 1347 agimm
236 1273 339 1346 gratias
353 1274 411 1328 Deo
425 1288 476 1344 per
490 1271 636 1339 Christum,
648 1271 671 1327 si
680 1271 791 1327 modum
800 1287 921 1344 praecep·

117 1368 208 1418 torum
222 1361 280 1430 ejus
295 1360 490 1417 custodiamus.

1284 579 1396 637 CAPUT
1414 579 1459 636 IV.

1009 686 1094 742 Vana.
1111 689 1137 741 3.
1149 715 1184 726 —
1201 686 1320 743 Ostium.
1345 685 1376 740 ld
1389 692 1432 740 ast
1446 700 1477 741 os
1492 699 1584 741 meum
1600 682 1680 740 iaciat
1692 697 1764 756 aper·

971 781 1027 829 turn
1045 791 1051 828 ε
1068 773 1140 846 quod
1156 775 1258 830 adhoc
1273 773 1365 829 datum
1380 782 1431 841 est,
1452 779 1482 828 ut
1502 773 1567 829 inde
1581 771 1697 844 prodeat
1709 788 1765 829 rer·

971 863 1045 917 bum.
1062 864 1192 934 Apertum
1207 870 1257 933 est,
1273 862 1383 934 quando
1394 860 1478 917 multa
1492 868 1520 917 ct
1533 876 1638 936 magna
1651 860 1723 917 dicit.

1007 952 1091 1007 Vsus.
1103 954 1129 1007 5.
1141 981 1176 991 -
1189 953 1304 1025 Tempus
1319 940 1500 1007 redimentes.
1516 950 1547 1006 ld
1562 959 1606 1007 est
1620 949 1770 1022 opportuni·

971 1047 1051 1095 tatem
1084 1039 1248 1111 predicandi
1276 1039 1335 1106 eis,
1364 1038 1500 1112 aliquibus
1528 1039 1638 1106 modis,
1667 1054 1777 1110 praepa-

970 1136 1073 1184 rantes.

1006 1217 1090 1273 Vnus.
1099 1220 1162 1272 8.-
1175 1219 1209 1275 tlt
1218 1221 1436 1291 capaascatqase
1445 1218 1523 1273 circa
1532 1232 1579 1274 vos
1588 1219 1660 1272 suot
1669 1220 1784 1273 stoan-

969 1306 1078 1362 aoletar
1092 1306 1175 1363 corda
1192 1310 1294 1371 uestra,
1312 1314 1364 1361 etc.
1387 1304 1476 1379 Magis
1491 1311 1568 1361 cavet
1591 1304 1640 1377 qui
1654 1303 1794 1362 assidet

969 1394 1110 1468 cognosci,
1127 1410 1207 1468 quam
1223 1394 1270 1467 qui
1284 1410 1315 1450 se
1329 1393 1403 1450 videt
1417 1392 1551 1467 ignorari.
1569 1382 1573 1389 ’

152 1468 238 1523 Vana.
256 1471 299 1525 at.
326 1496 360 1507 -
384 1470 493 1523 Patres.
517 1466 653 1523 Modestus
676 1465 805 1538 praecepit
826 1473 920 1538 patres
1005 1484 1090 1538 pm,
1113 1484 1387 1558 10,..,10c3p2·5t1·5‚
1413 1483 1486 1556 quod
1509 1481 1590 1538 rediit
1612 1481 1648 1538 ad
1668 1497 1724 1550 me,
1746 1490 1806 1539 et

116 1572 178 1613 esse
194 1554 266 1623 filiis,
282 1573 317 1611 nc
332 1555 463 1612 coarctati
478 1556 512 1611 ab
529 1555 592 1623 illis,
611 1555 770 1627 delinquant
794 1554 822 1609 in
845 1554 917 1623 illos,
968 1571 1031 1628 id00
1046 1571 1069 1627 sp
1083 1572 1195 1628 venep-ir,

116 1654 143 1703 st
156 1647 243 1701 Deum
257 1644 405 1700 offendant.
427 1646 470 1699 lra
486 1644 557 1700 enim
573 1644 774 1700 inconsiderata
798 1660 841 1699 res
865 1650 917 1713 est,
1006 1661 1090 1716 pm,
1104 1664 1146 1716 15,
1158 1691 1193 1703 ..
1208 1662 1302 1719 pacm
1317 1665 1349 1717 „p
1364 1664 1393 1716 pp
1406 1661 1449 1726 pn,
1464 1668 1517 1716 epe,
1534 1658 1722 1716 [3111001000
1734 1654 1807 1713 in-

115 1735 154 1791 tta
167 1743 196 1790 ut
210 1732 356 1807 maranno
370 1748 421 1789 nec
435 1731 488 1788 sibi
502 1741 596 1803 parca
609 1733 655 1805 qn
670 1731 805 1789 irascitur.
928 1746 1126 1821 astringimus,
1142 1749 1216 1820 quoa
1230 1749 1375 1822 generosa
1389 1756 1451 1805 sunt
1464 1748 1661 1805 instructiones
1682 1749 1800 1819 apos-

153 1842 293 1899 Vsasit.
308 1871 342 1882 —
357 1842 401 1895 Ec
416 1840 512 1897 auimo
526 1840 685 1913 operamini
699 1840 774 1895 siem
788 1840 916 1895 Domino.
968 1837 1033 1907 toli,
1054 1846 1081 1893 et
1105 1838 1140 1893 ad
1169 1837 1291 1893 omnium
1316 1838 1455 1894 hominmn
1479 1836 1637 1910 protectum
1662 1835 1795 1907 sanotae

118 1932 186 1986 Eam
201 1932 275 1985 Deus
289 1927 472 1985 innocentiam
486 1928 591 2000 probat,
615 1943 667 2000 qna
681 1928 762 1983 lromo
778 1942 832 1982 non
845 1934 918 1982 metu
969 1934 1032 1981 sunt
1047 1925 1179 1997 epistolae.

116 2035 206 2092 poenoe
220 2017 249 2073 iit
263 2018 405 2083 innocens,
422 2017 471 2073 sed
485 2032 580 2073 aurore
591 2016 702 2085 J‘ustitiae
718 2034 724 2069 :
741 2031 802 2070 nam
821 2015 866 2087 qui
881 2015 917 2070 ti·
1002 2014 1086 2069 Vans.
1103 2015 1323 2071 t8.-llemares
1338 2018 1435 2080 estote,
1452 2020 1505 2070 etc.
1525 2016 1683 2086 Antequam
1696 2011 1780 2067 salu-

115 2123 193 2164 more
209 2122 264 2162 non
278 2115 384 2177 peccat,
408 2105 531 2178 quamvis
559 2121 614 2160 non
637 2112 735 2160 noceat
761 2103 832 2171 aliis,
863 2103 917 2158 sibi
966 2103 1094 2158 tationem
1110 2110 1202 2175 ponat,
1214 2103 1352 2174 premittit
1365 2102 1582 2159 exhortationem
1596 2101 1778 2159 diccnmte-

116 2204 207 2252 tamen
234 2195 379 2268 plurimum
403 2203 491 2251 nocet.
515 2193 647 2250 Simulata
668 2192 773 2271 equitas
795 2207 851 2247 non
874 2199 917 2248 est
965 2208 1066 2259 mores,
1082 2198 1133 2247 etc.

499 2534 770 2609 EPISTOLAI
813 2531 880 2606 AD
911 2529 1395 2606 THESSALONICENSES.

387 2844 643 2903 ARGUMENTUll.

151 2981 410 3039 Thessalonicenses
424 2986 486 3035 sunt
506 2979 679 3037 Macedones.
705 2978 739 3033 lli
761 2978 790 3033 in
811 2968 922 3033 Christd

116 3072 182 3128 lesu
204 3078 316 3143 accepto
340 3069 426 3125 verbo
451 3068 573 3124 veritatis
595 3066 772 3139 perstitemnt
794 3066 822 3120 in
846 3063 918 3131 tide,

119 3160 200 3215 etiam
221 3159 249 3213 in
275 3157 466 3230 persecutione
496 3156 595 3212 civium
619 3171 740 3211 suorum.
765 3154 920 3221 Praeterea,

116 3264 168 3304 Μ
183 3256 346 3319 receperunt
361 3246 445 3302 f⁸¹⁵⁰⁸
459 3245 607 3316 ³p⁰⁸t⁰l⁰⁵'
623 3260 674 3302 ¹¹⁰⁰
689 3260 721 3299 ω
735 3259 824 3316 quaea
839 3241 916 3340 salsis
965 3282 1054 3351 ritate,
1071 3281 1171 3337 deinde
1186 3297 1234 3336 sua
1250 3281 1321 3336 inter
1335 3296 1385 3336 nos
1408 3280 1533 3352 prudenti
1550 3280 1759 3338 conversatione.

115 3337 249 3410 apostolis
263 3336 432 3392 dicebantur.
448 3335 504 3390 llos
519 3333 656 3391 collaudat
669 3332 825 3404 Apostolus,
842 3346 915 3387 scn-

115 3426 184 3483 bens
207 3425 248 3481 eis
271 3426 305 3480 ab
328 3424 451 3491 Athenis,
474 3440 524 3496 per
544 3422 683 3480 Tichicum
706 3421 864 3487 meconem,
890 3427 917 3475 et

115 3512 276 3572 Onesimum
291 3513 456 3586 acolythum.

375 3646 488 3703 CAPUT
506 3645 652 3702 PltlllUlt.

149 3775 235 3831 Vana.
247 3778 272 3829 t.
286 3803 320 3815 -
336 3773 468 3831 Silvanus
482 3775 510 3828 et
529 3771 696 3828 Timotheus.
708 3766 870 3825 Nominibus
879 3764 915 3821 il-

113 3861 203 3919 lomm
221 3861 408 3934 prescribitur
431 3859 565 3925 salutatio,
588 3860 639 3917 sed
662 3874 760 3914 sensus
782 3864 809 3912 et
831 3854 915 3912 verba

113 3951 193 4020 hujus
208 3950 329 4021 epistolae
344 3948 429 4004 solius
444 3947 560 4019 apostoli
575 3955 646 4001 sunt.

149 4039 272 4095 Vatini.
284 4037 428 4092 -Gratia
443 4037 517 4092 trabis
532 4040 560 4091 et
573 4052 643 4107 pas.
659 4034 791 4090 Demere
806 4046 857 4089 suo
870 4046 914 4088 sa·

111 4125 273 4182 lutationem
288 4124 435 4197 premittit,
453 4140 504 4195 qua
518 4123 659 4194 praemissu
675 4122 708 4178 de
727 4121 807 4177 bonis
821 4137 914 4177 eorum

114 4214 217 4288 gratias
241 4213 315 4288 agit,
341 4227 560 4268 commemorans
588 4226 643 4266 non
664 4209 752 4267 solum
779 4208 863 4264 sidem
890 4216 916 4265 et

111 4318 205 4377 opera,
221 4303 271 4359 sed
293 4301 375 4359 etiam
389 4299 577 4358 conversionis
600 4298 710 4355 modum
732 4299 913 4355 etmalorum

112 4391 314 4450 sustinentiam.

146 4482 233 4538 Vana.
246 4485 272 4537 3.
284 4509 320 4523 -
329 4480 403 4536 Ante
412 4481 511 4535 Deum.
523 4477 589 4534 lnde
598 4476 637 4533 ita
646 4475 713 4533 certi
727 4491 760 4534 ac
776 4475 799 4532 si
809 4476 866 4546 jam
876 4492 914 4532 vt·

112 4570 210 4637 deatis,
226 4578 254 4626 et
269 4570 305 4626 ita
320 4584 368 4625 eos
382 4567 495 4623 animat.

147 4660 233 4714 Vsus.
245 4662 271 4713 5.
283 4687 318 4699 -
332 4659 365 4715 ln
379 4658 490 4730 Spiritu
503 4658 612 4713 saacto.
628 4653 698 4724 Quin
712 4671 761 4727 per
775 4670 819 4710 me
834 4667 912 4710 rece·

110 4747 188 4818 pistis
203 4746 274 4803 dona
285 4745 412 4819 Spiritus,
429 4761 484 4801 non
498 4760 590 4817 parce,
612 4745 661 4800 sed
683 4743 711 4798 in
733 4741 909 4815 plenitudine.

113 4836 214 4904 Quales
229 4835 382 4907 stemnius,
394 4841 446 4891 etc.
458 4834 511 4890 Per
525 4834 577 4891 hoc
590 4832 671 4889 etiam
686 4832 759 4904 quod
774 4846 824 4887 nos
838 4829 912 4902 passi

112 4939 205 4979 sumus
219 4924 248 4979 in
262 4923 420 4997 exemplum
434 4922 524 4990 robis,
539 4929 614 4994 patet
628 4920 701 4994 quod
715 4920 789 4978 Deus
803 4936 852 4977 vos
866 4919 911 4974 di-

110 5010 177 5069 lexit
190 5021 217 5069 et
232 5013 325 5086 etegit.

431 5118 544 5176 CAPUT
558 5117 592 5173 ll.

1001 2840 1087 2894 Vana.
1103 2844 1130 2895 i.
1147 2867 1182 2879 -
1205 2839 1236 2893 ln
1260 2837 1410 2911 Philippis.
1435 2836 1598 2893 Pressuram
1623 2852 1705 2911 quam
1722 2836 1759 2892 hit

966 2935 1180 2993 commemorat,
1205 2941 1305 2999 passus
1324 2933 1365 2981 est
1387 2933 1499 2998 propter
1520 2925 1648 2998 spiritum
1669 2927 1758 2999 pytho-

966 3032 1039 3086 ncm,
1057 3033 1137 3089 quem
1151 3032 1166 3070 a
1181 3014 1270 3088 puella
1284 3015 1414 3084 ejecerat.

1001 3105 1088 3159 vans.
1102 3109 1127 3159 3.
1140 3135 1174 3144 -
1189 3105 1367 3160 dehortatio.
1385 3102 1435 3159 llic
1449 3111 1542 3159 contra
1555 3103 1760 3175 pseudoapoato

924 3205 1004 3277 01⁰³
1018 3193 1126 3249 uidetur
1137 3193 1258 3264 incipere
1273 3207 1493 3248 commemorans
1505 3192 1540 3248 de
1557 3192 1701 3267 Evangelii
1717 3207 1759 3248 re·

965 3370 999 3425 la
1012 3370 1083 3426 doio.
1101 3371 1190 3425 Etiam
1206 3370 1306 3425 n'eritas
1328 3377 1369 3425 est
1392 3369 1419 3424 in
1441 3368 1505 3425 dolo
1519 3369 1633 3441 quando
1650 3385 1705 3425 non
1719 3382 1760 3441 pro

964 3473 1057 3514 amore
1080 3458 1201 3514 veritatis
1226 3467 1252 3513 ct
1275 3457 1388 3514 utilitate
1410 3457 1565 3514 auditomm
1588 3458 1760 3529 praedicatur,

965 3546 1015 3603 sed
1029 3553 1056 3601 ut
1070 3545 1158 3619 gloria
1170 3545 1214 3602 vel
1228 3545 1301 3602 aliud
1315 3545 1420 3603 lucrum
1435 3546 1606 3617 acquiratur.

1001 3635 1086 3690 Vana.
1102 3635 1128 3689 l.
1144 3663 1179 3676 -
1192 3635 1253 3690 Non
1266 3635 1348 3706 quasi
1363 3633 1522 3692 hominibus
1534 3634 1697 3707 placentes.
1708 3634 1760 3691 llot

965 3722 1018 3778 nisi
1032 3722 1091 3794 ipse
1105 3730 1234 3794 operetur
1248 3723 1276 3778 in
1286 3722 1378 3792 nobis,
1403 3722 1491 3779 vitare
1511 3723 1671 3796 nequimus.
1693 3722 1761 3794 Quas

965 3811 1038 3867 enim
1052 3811 1124 3867 vires
1138 3810 1255 3868 nocendi
1265 3811 1366 3866 habeat
1380 3812 1504 3867 humanae
1518 3810 1616 3884 glorias
1625 3826 1762 3868 amornoa

965 3900 1056 3970 sentit,
1072 3900 1125 3954 nisi
1140 3899 1187 3972 qui
1202 3899 1227 3955 ei
1242 3899 1343 3957 bellum
1352 3899 1481 3955 indixerit
1498 3918 1505 3955 ε
1521 3900 1586 3973 quia
1599 3901 1624 3956 si
1640 3901 1762 3975 amquam

965 3988 1044 4045 facile
1059 3996 1101 4044 est
1116 3988 1224 4044 laudem
1238 4004 1293 4043 non
1308 4003 1418 4060 cupere,
1432 3989 1497 4044 dum
1511 3997 1644 4062 negatur,
1658 3989 1762 4048 diffidit

965 4086 1006 4133 est
1020 4085 1111 4132 tamen
1125 4092 1158 4133 ea
1173 4092 1228 4133 non
1242 4076 1372 4133 delectari
1387 4093 1449 4134 cum
1462 4077 1585 4134 offertur.

997 4166 1083 4222 Vnus.
1095 4168 1127 4244 ‚5-
1143 4196 1179 4207 -
1193 4167 1295 4238 Neque.
1317 4166 1347 4219 ln
1370 4166 1423 4221 hoc
1437 4165 1525 4239 tangit
1546 4167 1761 4239 pseudoaposto

963 4254 1016 4321 los,
1034 4253 1080 4326 qui
1096 4269 1126 4309 se
1139 4254 1230 4325 potins
1245 4268 1326 4325 quam
1341 4254 1391 4311 Dei
1405 4254 1557 4310 doctrinam
1580 4253 1763 4312 commendat

963 4342 1100 4398 volebant.
1116 4341 1263 4414 Apostolus
1276 4349 1376 4412 autem,
1388 4343 1434 4415 qui
1448 4342 1566 4415 gloriam
1575 4358 1632 4400 non
1645 4345 1681 4400 ad
1695 4359 1763 4416 prat-

895 4475 902 4487 .
963 4447 1037 4501 sens,
1054 4430 1145 4486 sedin
1160 4429 1250 4487 lutura
1266 4431 1413 4504 quaerebat,
1430 4447 1460 4487 se
1483 4431 1615 4488 humilem
1637 4432 1760 4497 iaciebat,

962 4527 992 4576 ut
1015 4519 1066 4575 Dei
1088 4519 1246 4592 praedicatio
1267 4519 1440 4577 exaltaretur.
1463 4521 1497 4576 ln
1520 4523 1679 4578 occasione.
1704 4523 1763 4577 Non

961 4607 1023 4665 dico
1037 4608 1066 4663 in
1081 4607 1231 4675 avaritiam,
1248 4608 1297 4663 sed
1311 4624 1363 4664 nec
1376 4607 1429 4679 ieci
1443 4608 1486 4664 vel
1500 4608 1566 4676 dixi,
1577 4608 1607 4664 in
1621 4625 1678 4683 quo
1693 4616 1763 4665 esset

961 4697 1070 4753 occasio
1084 4696 1213 4753 avaritiae.
1225 4697 1290 4752 lnde
1301 4704 1352 4752 cst.
1363 4698 1437 4752 Deus
1448 4699 1539 4764 testis,
1551 4697 1598 4770 qui
1612 4679 1689 4754 lova
1698 4713 1761 4755 cor:

961 4785 1014 4842 hoc
1029 4785 1102 4841 enim
1116 4785 1223 4840 nonita
1237 4793 1311 4857 patet
1325 4784 1490 4840 hominibus.

997 4874 1082 4929 Vnus.
1098 4876 1125 4930 7.
1140 4904 1175 4914 -
1189 4877 1335 4930 Posse-inas
1351 4875 1434 4942 vobin
1451 4882 1504 4931 cto.
1519 4875 1656 4931 lntamum
1669 4883 1764 4950 grain

963 4962 1250 5034 pseudoapostolorum
1279 4978 1390 5019 causam
1412 4971 1440 5018 ut
1463 4978 1493 5019 se
1520 4963 1641 5020 abnuere
1667 4964 1761 5035 dicat,

964 5068 1025 5107 cum
1039 5050 1135 5107 liceret
1147 5050 1186 5106 illi
1200 5051 1470 5123 subsidiarequircrc
1479 5051 1515 5107 ad
1524 5052 1762 5123 comprimendum

963 5138 1024 5195 illos
1039 5139 1137 5212 quibus
1152 5155 1203 5195 nec
1217 5137 1330 5195 facultas
1345 5147 1413 5206 erat,
1439 5156 1489 5195 nec
1508 5141 1598 5212 pudor
1618 5141 1762 5213 poscendi.

148 5233 234 5288 Vnus.
247 5235 318 5286 t.-
330 5231 401 5299 Quia
414 5247 482 5287 aaa.
496 5231 554 5288 lloc
568 5230 603 5286 de
617 5229 664 5286 illo
679 5229 764 5295 scitis,
781 5229 843 5301 quia
857 5245 914 5286 non
963 5227 1126 5299 Apostolicae
1151 5236 1241 5283 nutem
1260 5228 1402 5300 potestatis
1424 5229 1546 5285 debitum
1567 5238 1649 5288 vocat
1669 5247 1761 5301 onus,

109 5319 158 5377 tuit
172 5320 199 5376 in
213 5319 391 5393 prosperitate
407 5318 540 5385 saeculari,
550 5334 610 5390 quae
625 5318 722 5388 inanis,
734 5317 784 5374 sed
796 5317 824 5372 iu
838 5318 912 5373 mul-
962 5325 1074 5389 propter
1096 5316 1350 5388 pseudoapostolos,
1375 5317 1420 5388 qui
1443 5316 1511 5372 illud
1534 5318 1656 5375 indebite
1680 5336 1762 5376 usur·

108 5417 135 5466 ta
150 5406 332 5467 sollicitudine
342 5421 392 5479 pro
406 5407 530 5462 adversis
546 5425 553 5462 :
569 5415 596 5463 et
609 5415 753 5479 propterea
766 5405 912 5463 babuimus
962 5413 1057 5477 pantes
1072 5404 1225 5477 importune
1239 5405 1394 5476 aplebibus
1407 5405 1564 5479 exigebant.
1580 5408 1668 5464 Filios
1685 5424 1761 5466 suos.

108 5495 236 5557 fiduciam
261 5511 317 5553 non
339 5495 368 5550 in
388 5493 469 5550 nobis
496 5495 542 5566 qni
569 5495 701 5569 bagdas,
727 5495 777 5552 sed
803 5494 832 5549 in
852 5495 911 5551 Do·
961 5493 1072 5550 Alienos
1087 5492 1157 5549 filios
1170 5494 1335 5566 quandoque
1349 5493 1431 5550 nutrit
1444 5493 1543 5550 mulier
1556 5511 1607 5569 pro
1621 5497 1758 5565 mercede,

110 5585 194 5644 mino.
960 5580 1016 5641 non
1030 5599 1064 5641 ex
1076 5597 1191 5641 amoro:
1207 5583 1337 5657 proprios
1351 5598 1428 5652 vero,
1442 5599 1477 5641 cx
1491 5583 1653 5644 unedone.
