3772 6112
116 218 167 272 toa

372 210 574 268 WALAFRlDl
593 210 714 267 srahel
733 210 832 268 FULD.
854 207 941 266 hort.
961 207 1038 265 OPP.
1058 208 1147 264 PARS
1166 208 1186 263 Ι.
1207 237 1242 248 -
1260 206 1496 265 theotonica.

1714 206 1764 264 161

154 339 239 395 Vitas.
256 337 300 392 to.
315 367 350 378 -
367 337 452 404 Tace,
469 343 521 392 etc.
538 336 633 405 Lucas,
659 337 689 390 in
709 335 762 391 itte
781 339 871 400 nocte,
889 333 917 388 id
930 332 1011 395 Avel
1027 331 1194 388 infirmorum
1208 331 1390 389 conscientias
1408 346 1492 403 pravo
1506 331 1589 388 verbo
1608 330 1653 387 rel
1673 346 1767 387 exem·

118 434 174 497 est,
194 427 222 481 in
241 425 286 481 ille
305 425 478 480 tribulatione
498 440 552 495 qua
576 424 735 495 probantur,
756 423 784 477 iu
803 440 856 495 qua
873 422 918 478 alii

118 522 290 588 permanent,
307 514 353 570 alii
367 515 475 570 cadunt.
491 515 550 570 Duo
564 517 658 569 crant.
675 514 742 568 Duae
757 511 919 568 differentiae

117 603 309 679 praedictorum
329 601 437 658 suntin
456 601 588 669 Ecclesia,
610 599 686 672 quasi
705 599 733 655 in
751 616 819 674 agro
838 601 917 656 labo-

119 693 244 763 rantirun,
261 708 355 750 eorum
371 691 417 763 qui
430 691 536 746 sincere
557 690 694 744 Christum
709 689 877 758 annuntiant,
891 697 918 746 et

118 797 214 839 eorum
229 781 275 853 qui
290 781 401 837 verbum
416 779 467 835 Dei
487 779 647 834 adulterant.

153 871 238 927 Vana.
256 871 299 925 ll.
312 899 347 911 -
357 871 424 925 Dure
438 868 585 925 molentes.
606 869 675 924 Duae
692 865 854 924 differentia
870 884 916 924 se·

117 959 255 1033 quantiam
270 958 363 1014 orbem
384 973 472 1012 rerum
494 956 644 1026 mobilium,
663 955 709 1029 qui
724 955 854 1011 feminino
868 973 917 1029 ge·

116 1064 181 1104 nere
199 1046 384 1120 designantur,
410 1045 472 1118 quia
494 1045 627 1114 majorum
651 1044 765 1101 consilio
788 1053 918 1119 reguntur·

115 1135 224 1193 feminae
237 1152 253 1189 a
267 1134 343 1191 viris.
364 1137 424 1190 Duo
443 1136 474 1190 1η
495 1136 575 1191 tecto.
597 1132 650 1201 Qui
669 1133 753 1189 otium
772 1134 876 1211 eligunt
891 1141 917 1190 et

115 1225 244 1297 quietem,
260 1240 322 1296 quae
336 1222 526 1296 significantur
551 1222 744 1289 1111111111ιί,
761 1238 812 1278 nec
827 1238 916 1278 seecu-

115 1312 234 1382 laribus,
255 1328 307 1368 nec
325 1310 519 1368 ecclesiasticis
539 1311 656 1384 negotiis
681 1311 812 1382 occupati.
841 1313 916 1369 11111

116 1405 288 1459 assumatur.
305 1398 357 1469 Qui
372 1408 484 1472 propter
506 1401 595 1455 Deum
616 1400 757 1455 continere
772 1400 871 1469 studet,
887 1409 917 1455 ut

116 1490 175 1545 sine
189 1487 370 1545 sollicitudine
391 1487 487 1546 virens
511 1488 612 1562 cogitet
633 1505 694 1560 quae
709 1489 758 1544 Dei
774 1497 845 1543 sunt.
864 1487 916 1558 Qui

116 1584 204 1634 autem
218 1579 333 1633 humana
347 1577 425 1633 laude
440 1575 484 1633 vel
496 1577 584 1649 abque
599 1577 724 1633 uitiorum
742 1577 916 1649 corruptione

85 1681 92 1692 ’
114 1666 290 1723 monasticam
312 1665 393 1722 vitam
417 1665 539 1739 elegerit,
564 1665 837 1739 relinqueturaDeo.
853 1668 951 1760 N⁰¹113

115 1763 177 1812 sunt
188 1755 240 1810 alia
256 1770 356 1828 genem
369 1754 518 1824 hominum,
536 1771 617 1826 quam
637 1756 696 1811 brec
710 1755 758 1809 tria
773 1755 801 1809 in
816 1755 915 1812 Eccle-

114 1844 163 1900 sia.
184 1844 264 1901 Unde
281 1843 408 1900 Ezechiel
426 1851 481 1899 tres
500 1843 573 1899 viros
591 1844 719 1900 liberatos
738 1843 821 1913 vidit,
841 1844 914 1914 Noe,

113 1932 209 1988 Daniel
224 1939 251 1988 et
263 1933 324 2001 Job,
340 1932 424 1988 idest
439 1940 558 1988 rectores
572 1941 601 1988 ut
616 1934 685 2000 Noe,
703 1931 874 1989 continentes
888 1940 917 1988 ut

114 2021 224 2091 Daniel,
245 2022 404 2095 conjugatos
423 2029 453 2077 ut
470 2022 531 2078 lob.
552 2022 586 2076 Et
605 2022 754 2078 seeundum
780 2021 840 2078 haec
865 2022 916 2076 tria

114 2125 220 2185 genera
234 2109 384 2179 hominum,
401 2117 455 2166 tres
469 2110 596 2182 supponit
614 2110 767 2181 parabolas.
785 2110 814 2164 ln
829 2110 917 2182 prima

114 2199 171 2273 agit
187 2199 221 2254 de
234 2198 417 2255 laborantibus
431 2198 459 2254 11
475 2214 551 2272 agro,
569 2199 641 2271 quod
657 2207 698 2254 est
712 2198 758 2254 nbi
770 2197 835 2255 dicit
851 2215 858 2252 ε
878 2200 917 2256 l'i-

113 2288 200 2360 pilotc
217 2303 289 2361 erqo.
306 2288 337 2342 In
350 2287 470 2343 seeundo
479 2287 536 2360 agit
546 2287 580 2344 de
591 2286 780 2344 exsistentibus
794 2287 822 2342 11
834 2287 914 2357 lecto,

113 2375 187 2448 quod
201 2385 242 2434 est
257 2375 303 2430 ubi
316 2375 381 2432 dicit
397 2393 404 2430 :
420 2377 520 2434 Simile
530 2381 574 2433 est
584 2392 704 2448 regnam
720 2376 915 2433 11111111ιά1-

112 2480 174 2522 cem
183 2465 348 2538 virginibus.
364 2465 396 2521 ln
407 2464 490 2521 tertia
500 2465 557 2540 agit
572 2466 606 2521 de
619 2465 783 2521 molentibus
793 2465 822 2521 in
831 2465 913 2536 mola,

113 2553 186 2626 quod
201 2560 242 2609 est
256 2553 303 2610 ubi
316 2553 381 2610 dicit
397 2572 403 2608 :
419 2555 500 2612 Sicut
516 2557 594 2611 enim
608 2555 688 2613 tronto
700 2571 817 2629 peregre
829 2554 915 2629 profi·

114 2643 232 2711 circeos,
249 2650 302 2700 etc.

148 2729 235 2788 Vana.
253 2732 340 2789 ta·
352 2732 469 2804 l'ipitotc
487 2748 559 2805 erpo.
576 2732 682 2803 (11111.)
696 2733 757 2789 h'on
773 2731 840 2787 dixit
853 2731 915 2805 quia

111 2819 267 2889 nescimus,
295 2820 344 2876 sed
369 2820 432 2893 quia
455 2820 583 2890 nescitis,
605 2829 633 2876 ut
651 2822 774 2877 ostendat
793 2837 823 2877 se
842 2820 915 2876 diem

111 2907 207 2978 iudicii
221 2923 276 2964 non
289 2908 426 2982 ignorare.

146 2997 231 3053 Vans.
250 2998 294 3052 ta.
305 2998 380 3055 -Si
394 2999 488 3064 sciret,
505 3004 557 3054 etc.
567 2996 712 3055 Nescienta
722 2996 914 3070 patrefamilias

113 3084 279 3142 furdomum
298 3084 424 3156 perfodit,
441 3085 504 3158 quia
519 3086 582 3141 dum
597 3102 614 3141 a
628 3085 670 3141 sui
684 3086 807 3143 custodia
832 3061 948 3159 spiri-C

112 3182 156 3229 tus
170 3173 277 3244 dormit,
295 3173 444 3245 improtisa
466 3190 541 3230 mors
560 3175 650 3231 carnis
672 3174 853 3232 habitaculum
875 3175 914 3230 ir·

113 3263 221 3335 rumpit,
238 3263 312 3318 etad
326 3263 487 3334 supplicium
509 3264 597 3319 trahit.
620 3264 685 3319 Furi
698 3273 786 3320 autem
801 3264 914 3321 resiste-

114 3359 156 3408 ret
167 3351 189 3406 si
200 3350 331 3425 vigilaret,
344 3352 408 3424 quia
422 3353 567 3409 adventum
578 3353 679 3422 judicis
688 3355 793 3411 occulte
804 3353 915 3411 venien-

111 3448 167 3496 tem
179 3456 337 3513 praecarens
352 3449 490 3497 occureret
505 3441 672 3513 poenitendo.

148 3529 234 3586 11111.
252 3530 295 3584 tt.
311 3560 345 3571 -
361 3531 801 3604 0111111111111111111111111.
818 3532 914 3589 Tribus

112 3617 341 3689 similitudinibus,
358 3618 482 3693 fulguris,
499 3620 576 3687 luris,
593 3630 619 3677 et
633 3621 829 3678 submersionis
844 3622 913 3679 Pon-

110 3707 219 3780 tapolis‚
244 3716 373 3764 terrorem
393 3708 488 3778 judicii
511 3709 656 3767 introduxit
679 3711 857 3767 communiter
877 3711 913 3767 ad

110 3810 216 3864 omnes,
231 3805 259 3852 ut
274 3797 420 3871 vigilarent
433 3807 460 3854 et
475 3799 562 3870 parati
578 3808 679 3855 essent.
695 3802 774 3855 Nunc
789 3799 914 3872 speciali·

110 3892 151 3941 ter
165 3886 200 3941 ad
214 3886 340 3957 praelatos
356 3886 473 3959 loquitur
487 3888 533 3958 qui
546 3888 672 3956 humiles,
683 3890 840 3960 prudentes,
857 3905 914 3945 non

112 3982 271 4046 appetentes
290 3975 390 4030 honum
415 3983 526 4047 propter
553 3976 657 4031 lucrum
687 3977 842 4047 temporale,
864 3977 914 4034 sed

110 4063 193 4117 verbo
213 4070 239 4117 et
257 4063 382 4134 exemplo
407 4071 433 4117 et
456 4079 538 4133 opere
567 4063 666 4118 dehent
693 4079 808 4133 pascere
835 4081 910 4121 ores.

113 4149 179 4217 Quis
187 4153 281 4222 potos,
294 4149 370 4220 quasi
380 4150 469 4205 dicat:
482 4150 653 4205 admonendi
663 4151 739 4205 estis.
751 4153 912 4224 Numquam

110 4252 190 4292 rarus
204 4246 245 4294 est
260 4237 376 4293 Domino
398 4246 508 4309 propter
530 4238 674 4294 Dominum
700 4241 830 4307 serviens,
847 4257 912 4297 ores

111 4325 210 4382 Christi
229 4343 284 4381 non
300 4326 335 4381 ad
350 4326 462 4391 lucrum,
479 4327 528 4382 sed
547 4343 639 4383 amore
664 4328 761 4383 Christi
783 4346 909 4401 pascens.

112 4415 249 4471 Prudens.
265 4415 295 4469 ln
311 4415 400 4471 tuturo
416 4415 467 4470 sibi
480 4415 638 4486 providens
656 4418 740 4486 anm
751 4420 946 4486 constituitss

114 4501 201 4572 Quam
215 4519 291 4558 rems
309 4505 354 4576 qui
369 4505 403 4559 sit
417 4513 528 4560 vocatus
540 4521 554 4558 a
568 4505 626 4560 Deo
640 4513 767 4577 tanquam
781 4509 872 4562 Aaron
886 4515 913 4563 et

112 4605 168 4647 non
182 4591 272 4664 magis
286 4584 317 4648 'se
332 4593 486 4667 ingesserit,
503 4602 530 4650 et
545 4593 591 4666 qui
605 4609 660 4649 non
670 4594 759 4668 magis
773 4610 804 4650 se
817 4603 913 4667 paseat

113 4694 194 4752 quam
209 4696 284 4736 ores.

147 4768 232 4824 Vana.
250 4769 293 4824 16.
311 4799 345 4811 -
360 4771 462 4827 Doctus
481 4771 541 4827 ille.
563 4771 672 4827 AEtema
685 4779 775 4827 autem
794 4772 912 4828 beatitu-

113 4854 177 4914 dine
191 4857 386 4931 glorificandus
402 4859 501 4931 estqui
520 4860 637 4916 Domino
651 4861 776 4918 veniente
793 4861 828 4916 ad
840 4860 912 4929 judi-

113 4946 184 5003 cium
203 4955 328 5020 repertus
351 4947 430 5003 fuerit
452 4945 567 5002 fideliter
590 4964 726 5005 annonam
740 4950 815 5006 verbi
830 4949 912 5005 mini-

112 5121 201 5180 srdelis
215 5124 259 5180 vel
274 5125 404 5196 prudens,
417 5124 466 5180 sed
477 5123 522 5196 qui
533 5124 595 5180 talis
604 5126 740 5183 invenitur
749 5127 844 5184 beatus
859 5134 910 5184 est.

148 5231 234 5287 Vana.
251 5230 294 5287 tr.
309 5260 345 5273 -
358 5232 455 5303 Super.
472 5229 503 5286 ld
517 5238 568 5298 est,
584 5246 665 5302 super
685 5234 776 5289 omnia
792 5232 912 5290 eoelestis

113 5318 193 5393 regni
207 5318 318 5394 gaudia,
333 5326 457 5387 caeteros,
473 5318 502 5374 id
517 5326 567 5386 est,
578 5318 666 5375 bonos
680 5320 818 5378 auditores
832 5321 914 5379 faciet

114 5409 297 5478 discumbere,
314 5415 342 5466 et
356 5407 492 5464 transiens
504 5405 669 5463 ministrabit
683 5408 732 5464 eis.

150 5497 234 5557 Vana.
250 5498 294 5555 ts.
308 5526 344 5542 -
357 5499 508 5557 Pcrcutcre
525 5511 679 5556 consonos.
695 5496 788 5567 Iniurii
803 5496 914 5557 afficere

968 422 1013 493 plo
1029 422 1133 478 vitiare.
1151 420 1229 477 Unde
1243 421 1330 477 Lucas
1344 421 1382 477 ait
1396 435 1486 477 seruos
1496 419 1540 477 oct
1553 419 1677 477 ancillas
1687 419 1766 491 (Lae.

967 511 1029 581 ru),
1052 526 1167 582 quorum
1187 519 1287 582 quanta
1307 508 1441 566 infirmior
1455 517 1497 565 est
1520 516 1587 565 aetas
1609 507 1654 566 vel
1676 523 1766 579 sexus,

967 607 1041 655 tanto
1055 599 1161 655 facilior
1175 607 1216 654 est
1231 599 1320 654 ruina.

1002 689 1086 744 l'ans.
1100 690 1143 742 51.
1155 719 1189 729 -
1200 689 1269 744 Cum
1280 689 1441 761 hypocritis,
1454 694 1507 743 ete.
1519 686 1586 742 Cum
1596 685 1650 741 illis
1665 685 1769 743 scilicet

967 777 1098 849 quierant
1112 777 1140 832 in
1152 793 1221 850 agro
1236 786 1262 833 et
1278 776 1323 848 qui
1332 775 1479 846 molebant,
1493 783 1520 831 et
1529 774 1707 831 nihilominus
1720 773 1768 831 de·

967 865 1053 923 relicti
1069 873 1138 920 sunt.
1152 865 1204 934 Qui
1215 865 1341 921 dicuntur
1355 864 1514 938 hypocritae,
1528 872 1555 921 et
1565 863 1593 919 in
1607 879 1687 938 agro,
1704 862 1768 919 etin

965 955 1047 1023 mola,
1064 955 1092 1009 id
1106 961 1156 1024 est,
1174 954 1219 1027 qui
1232 955 1305 1010 bona
1319 953 1481 1010 videbantur
1496 951 1598 1022 iacere,
1614 952 1666 1010 sed
1680 951 1768 1009 exitus

966 1043 1082 1100 diversae
1094 1043 1240 1098 uoluntatis
1250 1042 1382 1114 appamit.
1395 1044 1488 1100 Fatus.
1500 1043 1552 1098 Per
1562 1040 1767 1097 similitudinem

966 1132 1151 1190 membromm
1165 1131 1324 1206 magnitudo
1337 1131 1489 1187 ostenditur
1503 1138 1713 1209 tormentorum.

1180 1238 1187 1245 ’
1250 1242 1363 1300 CAPUT
1389 1242 1478 1298 XXV.

1001 1341 1085 1396 Vans.
1105 1344 1130 1394 1.
1146 1371 1180 1382 ·-
1193 1343 1294 1397 Decem
1303 1340 1468 1413 virginibus.
1486 1338 1615 1410 Virgines
1628 1346 1693 1394 sunt
1705 1351 1764 1394 om-

965 1444 1014 1484 nes
1029 1429 1074 1500 qui
1090 1444 1120 1485 se
1134 1444 1151 1484 a
1163 1428 1227 1484 luxu
1242 1429 1337 1485 saeculi
1351 1427 1500 1485 continent.
1516 1429 1553 1484 tt
1562 1443 1682 1500 sponsor.
1699 1424 1767 1484 Om-

965 1533 1015 1574 nes
1039 1517 1119 1574 simul
1142 1527 1204 1573 sunt
1227 1532 1329 1589 sponsa
1348 1534 1408 1589 quae
1431 1516 1513 1573 modo
1535 1515 1703 1588 desponsata
1726 1520 1766 1572 est

965 1606 1044 1679 virgo
1060 1622 1077 1661 n
1090 1606 1265 1678 corruptione
1280 1605 1381 1662 saeculi.
1396 1605 1496 1674 Nubet,
1508 1619 1571 1662 cum
1584 1603 1710 1661 mortalis
1719 1603 1766 1659 im·

966 1694 1075 1750 mortali
1090 1695 1276 1769 conjungetur.

1003 1783 1133 1841 111112.
1154 1814 1189 1825 -
1210 1784 1346 1857 Quinque.
1371 1781 1440 1851 Quia
1463 1783 1583 1856 quinque
1603 1782 1705 1856 pertita
1726 1789 1768 1839 est

967 1872 1132 1928 continentia
1152 1873 1180 1927 11
1204 1872 1357 1928 carnalibus
1382 1871 1527 1941 illecebris,
1544 1871 1674 1928 uidelicet
1692 1879 1722 1928 ut
1739 1871 1766 1927 in

967 1961 1085 2033 quinque
1101 1961 1227 2017 sensibus
1242 1961 1399 2017 contineant
1414 1977 1444 2017 se
1458 1959 1678 2032 arolnptatibus.

1002 2049 1087 2105 11111.
1104 2052 1130 2104 5.
1146 2080 1181 2090 -
1194 2051 1300 2107 liorem
1316 2054 1413 2107 notem
1430 2051 1556 2122 faciente
1570 2065 1681 2122 sponso.
1698 2046 1768 2118 Quia

966 2154 1022 2194 non
1036 2146 1077 2194 est
1090 2154 1188 2211 parum
1203 2138 1334 2210 temporis
1353 2138 1424 2194 inter
1445 2138 1563 2210 priorem
1578 2145 1605 2194 et
1618 2136 1767 2194 seeundum

966 2227 1112 2283 adrentum
1125 2227 1235 2283 Christi.
1251 2229 1483 2284 Dormitovcrcnt
1495 2242 1595 2285 ornares
1605 2229 1635 2284 et
1643 2224 1767 2284 dormis·

965 2320 1044 2373 runt.
1062 2314 1133 2386 Quia
1147 2324 1244 2388 postea
1258 2316 1415 2372 suscitandi.

1002 2405 1088 2461 Vens.
1104 2408 1130 2460 6.
1145 2436 1179 2446 -
1193 2404 1389 2462 dedicantem
1399 2407 1480 2462 nocte
1490 2405 1704 2475 clamor-saetas
1714 2408 1765 2460 est.

965 2493 996 2550 ld
1009 2500 1060 2563 est,
1077 2494 1150 2549 nullo
1165 2494 1267 2551 sciente
1278 2493 1321 2550 rel
1333 2500 1468 2565 sperante.
1486 2492 1564 2550 Unde
1578 2493 1644 2549 Dies
1653 2492 1768 2550 Domini

966 2584 1101 2654 stretfor
1111 2583 1142 2638 in
1152 2584 1336 2640 neomaeniet
1346 2583 1372 2653 (l
1382 2584 1473 2639 Thess.
1491 2581 1544 2653 ur).

1000 2670 1085 2725 vans.
1103 2675 1128 2725 8.
1144 2700 1179 2712 —
1194 2671 1352 2728 Deterrobis
1362 2671 1473 2737 deoleo,
1491 2677 1543 2725 etc.
1558 2668 1682 2738 Quorum
1696 2667 1770 2726 11111

964 2758 1054 2814 aliena
1072 2758 1226 2826 fulciuntur,
1250 2759 1328 2815 laude
1348 2759 1446 2815 eadem
1471 2758 1608 2815 subtracta
1627 2756 1767 2827 deficiunt,

965 2857 992 2904 et
1005 2848 1040 2904 de
1053 2847 1247 2905 consuetudine
1263 2848 1290 2903 id
1304 2864 1413 2921 semper
1434 2847 1581 2920 inquimnt,
1603 2846 1677 2903 unde
1696 2861 1768 2919 gau·

965 2937 1150 2992 derernimus
1171 2936 1249 2993 solet.
1276 2938 1368 3008 ltaque
1390 2936 1529 2992 hominum
1543 2935 1590 3007 qui
1605 2936 1692 2992 corda
1713 2950 1768 2992 non

963 3024 1064 3095 vident,
1086 3025 1270 3082 testimonium
1290 3025 1383 3082 volunt
1395 3024 1497 3081 habere
1512 3024 1585 3096 apud
1606 3024 1705 3095 Deum,
1722 3021 1769 3097 qui

964 3114 1055 3170 cordis
1071 3114 1210 3185 inspector
1226 3122 1277 3170 est.

997 3205 1240 3277 Exstinycontar.
1258 3203 1288 3259 ld
1303 3211 1354 3271 est,
1372 3203 1489 3259 adventu
1508 3200 1609 3271 judicis
1623 3199 1698 3258 intus
1712 3200 1765 3258 ob-

964 3300 1115 3359 scurantur,
1133 3300 1158 3348 et
1172 3309 1189 3347 a
1203 3293 1262 3349 Deo
1279 3308 1334 3348 non
1349 3292 1448 3348 habent
1463 3289 1632 3362 mercedem,
1649 3289 1715 3363 quia
1728 3305 1768 3348 re·

963 3389 1094 3452 ceperunt
1106 3380 1225 3437 laudem.

999 3471 1084 3526 Vens.
1102 3471 1232 3526 9.-111
1250 3472 1334 3542 forte.
1351 3468 1421 3539 Quia
1441 3468 1555 3542 quisque
1573 3483 1623 3540 pro
1637 3483 1668 3524 se
1683 3466 1768 3524 ratio·

963 3576 1027 3616 nem
1042 3559 1145 3628 reddet,
1163 3574 1214 3615 nec
1229 3558 1318 3615 alieno
1330 3557 1600 3626 testimoniojuratur
1616 3557 1678 3628 quis
1693 3554 1768 3629 apud

964 3650 1060 3719 Deum,
1078 3647 1121 3704 cui
1136 3655 1244 3704 secreta
1265 3655 1366 3719 patent,
1384 3654 1411 3702 et
1425 3646 1470 3702 vix
1484 3644 1536 3700 sibi
1550 3644 1667 3717 quisque
1693 3643 1768 3701 suffi-

964 3738 1000 3794 cit
1014 3744 1042 3792 ut
1057 3737 1082 3792 ei
1097 3737 1237 3809 perhibeat
1259 3735 1442 3791 testimonium
1465 3732 1634 3791 conscientia
1652 3749 1711 3789 sua.
1728 3732 1770 3791 Ns

964 3830 1037 3898 forto
1058 3826 1243 3897 unusquisqne
1264 3841 1313 3896 pro
1327 3825 1383 3879 suis
1399 3822 1525 3895 operibus
1538 3821 1696 3878 mercedem
1711 3837 1768 3878 sus·

965 3915 1055 3985 cipiet,
1077 3928 1129 3969 nec
1152 3922 1264 3984 possunt
1280 3913 1307 3968 in
1323 3912 1367 3968 die
1388 3911 1482 3982 judicii
1502 3910 1616 3966 aliorum
1640 3909 1766 3980 virtutes,

966 4002 1081 4058 aliorum
1103 4002 1168 4057 vitia
1192 4001 1343 4058 sublevare.
1361 4002 1403 4057 rid
1425 4001 1586 4058 vendentes.
1609 3999 1768 4056 vendentes

966 4099 1027 4146 sunt
1041 4091 1205 4159 adulatores,
1231 4090 1293 4163 quia
1316 4090 1382 4147 dant
1401 4090 1510 4147 laudem
1524 4096 1551 4145 et
1564 4088 1705 4162 accipiunt
1718 4089 1768 4146 ali·

966 4195 1047 4252 quam
1062 4180 1228 4235 mercedem.

1001 4269 1086 4323 Vens.
1104 4271 1146 4322 10.
1162 4298 1196 4308 -
1210 4270 1399 4325 Domnotem.
1412 4267 1606 4324 Inclinantihns
1622 4284 1653 4325 se
1668 4268 1724 4324 illis
1739 4267 1769 4324 11

966 4371 998 4412 ea
1013 4374 1073 4428 quae
1087 4356 1153 4412 soris
1176 4364 1246 4423 sunt,
1272 4365 1299 4412 et
1323 4356 1402 4413 solita
1426 4357 1526 4431 gandia
1549 4356 1766 4430 requirentibus,

962 4461 1025 4501 cum
1047 4445 1154 4500 interna
1177 4461 1232 4500 non
1253 4453 1396 4514 noverunt,
1422 4445 1496 4501 venit
1520 4446 1565 4502 ille
1589 4445 1766 4518 quijudicat.

963 4535 1065 4591 Clauso
1078 4538 1128 4590 est.
1144 4535 1208 4589 Post
1220 4533 1351 4602 judicium
1364 4549 1467 4607 magna
1486 4541 1528 4591 est
1546 4534 1604 4604 ejus
1619 4535 1766 4605 severitas,

961 4623 1038 4691 cujus
1054 4631 1095 4678 est
1110 4631 1173 4679 ante
1188 4622 1333 4678 ineffabilis
1349 4623 1549 4680 misericordia.

998 4710 1083 4766 Vens.
1101 4714 1144 4766 tt.
1155 4712 1354 4768 -lt'ouissime
1364 4729 1436 4769 uero.
1452 4713 1505 4768 Per
1517 4727 1614 4769 veram
1626 4712 1768 4785 poeniten·

961 4799 1036 4866 tiam,
1052 4814 1102 4870 per
1117 4798 1299 4856 infructuosas
1324 4801 1461 4872 lacrymas
1484 4801 1596 4874 pulsant
1618 4800 1688 4858 toris
1704 4801 1768 4858 reli·

962 4896 1022 4945 ctae.
1037 4888 1099 4941 Non
1114 4887 1213 4943 dicitur
1234 4889 1306 4960 quod
1329 4897 1454 4945 emerunt
1476 4890 1568 4946 oleum
1585 4907 1593 4943 ε
1609 4889 1676 4961 quia
1689 4889 1766 4946 nullo

270 5035 275 5047 ,
475 5035 479 5045 ,
535 5035 569 5047 ..
780 5038 786 5048 ‚
862 5038 867 5048 ¹
958 4975 1016 5044 iam
1031 4984 1191 5031 remanente
1205 4976 1305 5048 gaudio
1319 4977 1354 5033 de
1368 4976 1464 5033 alienis
1478 4977 1613 5046 laudibus,
1630 4978 1659 5033 in
1674 4993 1766 5052 angu-

39 5060 43 5067 ⁴
112 5043 204 5091 strans
223 5044 249 5092 et
268 5053 297 5091 11
316 5052 383 5092 cura
401 5053 496 5109 gregis
516 5037 642 5109 rrgrlans.
664 5040 751 5094 harus
779 5045 913 5094 rnrenrtur
962 5062 1020 5118 spis
1036 5063 1151 5117 ,egnum
1165 5063 1199 5118 ,d

1214 5063 1433 5135 implorationem
1449 5065 1510 5121 Dei.

997 5150 1082 5206 Vnns.
1109 5153 1152 5205 ta.
1169 5181 1203 5194 ·-
1220 5153 1346 5223 Vigilate.
1368 5153 1503 5210 Videlicet
1525 5163 1555 5210 ut
1579 5154 1767 5212 testimonium

961 5238 1041 5294 bonae
1054 5237 1228 5295 conscientiae
1242 5239 1321 5296 nobis
1342 5256 1537 5313 praeparemus,
1553 5259 1588 5299 ne
1603 5258 1667 5300 cum
1683 5242 1765 5301 fatuis

962 5324 1113 5398 virginibus
1128 5326 1195 5383 loris
1217 5343 1417 5385 remaneamus.
1441 5331 1563 5388 Nescitis
1585 5330 1662 5389 diem
1675 5345 1768 5407 nequ

963 5413 1070 5472 horam.
1086 5416 1149 5472 Non
1168 5416 1256 5472 solum
1279 5416 1352 5474 diem
1371 5417 1478 5487 judicii,
1501 5418 1551 5476 sed
1573 5419 1649 5477 diem
1669 5419 1768 5478 mortis

962 5501 1103 5577 suusque,
1119 5503 1164 5564 rel
1176 5504 1273 5565 horam
1287 5504 1316 5562 in
1336 5521 1391 5579 qua
1411 5507 1458 5580 qui
1479 5515 1594 5581 paratus
1616 5508 1769 5582 invenitur,
