<?xml version="1.0" encoding="UTF-8"?>
<!DOCTYPE html PUBLIC "-//W3C//DTD XHTML 1.0 Transitional//EN"
    "http://www.w3.org/TR/xhtml1/DTD/xhtml1-transitional.dtd">
<html xmlns="http://www.w3.org/1999/xhtml" xml:lang="en" lang="en">
 <head>
  <title>
</title>
<meta http-equiv="Content-Type" content="text/html;charset=utf-8" />
  <meta name='ocr-system' content='tesseract 3.04.00' />
  <meta name='ocr-capabilities' content='ocr_page ocr_carea ocr_par ocr_line ocrx_word'/>
</head>
<body>
  <div class='ocr_page' id='page_1' title='image "./patrologiaecurs06saingoog_0330.png"; bbox 0 0 3772 6112; ppageno 0'>
   <div class='ocr_carea' id='block_1_1' title="bbox 402 231 1555 293">
    <p class='ocr_par' dir='ltr' id='par_1_1' title="bbox 402 231 1555 293">
     <span class='ocr_line' id='line_1_1' title="bbox 402 231 1555 293; baseline 0.003 -3"><span class='ocrx_word' id='word_1_1' title='bbox 402 231 538 291; x_wconf 76' lang='lat' dir='ltr'>Gnossn</span> <span class='ocrx_word' id='word_1_2' title='bbox 557 232 761 290; x_wconf 74' lang='lat' dir='ltr'>onomamn.</span> <span class='ocrx_word' id='word_1_3' title='bbox 782 262 817 273; x_wconf 92' lang='lat'>-</span> <span class='ocrx_word' id='word_1_4' title='bbox 834 232 944 289; x_wconf 83' lang='lat' dir='ltr'>EPIST.</span> <span class='ocrx_word' id='word_1_5' title='bbox 964 234 1012 289; x_wconf 74' lang='lat' dir='ltr'>Ab</span> <span class='ocrx_word' id='word_1_6' title='bbox 1027 233 1137 291; x_wconf 81' lang='lat' dir='ltr'>HEBR.</span> <span class='ocrx_word' id='word_1_7' title='bbox 1502 239 1555 293; x_wconf 80' lang='grc'>650</span> 
     </span>
    </p>
   </div>
   <div class='ocr_carea' id='block_1_2' title="bbox 92 355 1568 1585">
    <p class='ocr_par' dir='ltr' id='par_1_2' title="bbox 92 355 1562 1229">
     <span class='ocr_line' id='line_1_2' title="bbox 92 355 1554 431; baseline -0.001 -17"><span class='ocrx_word' id='word_1_8' title='bbox 92 386 112 399; x_wconf 94' lang='grc'>-</span> <span class='ocrx_word' id='word_1_9' title='bbox 124 358 162 414; x_wconf 75' lang='lat' dir='ltr'>bt</span> <span class='ocrx_word' id='word_1_10' title='bbox 174 358 284 430; x_wconf 75' lang='lat' dir='ltr'>Moyses.</span> <span class='ocrx_word' id='word_1_11' title='bbox 302 357 428 414; x_wconf 85' lang='lat' dir='ltr'><strong>Ostendit</strong></span> <span class='ocrx_word' id='word_1_12' title='bbox 442 359 577 413; x_wconf 85' lang='lat' dir='ltr'><strong>Christum</strong></span> <span class='ocrx_word' id='word_1_13' title='bbox 593 358 707 429; x_wconf 75' lang='lat' dir='ltr'>dignum</span> <span class='ocrx_word' id='word_1_14' title='bbox 723 358 821 419; x_wconf 85' lang='lat' dir='ltr'>Aesse</span> <span class='ocrx_word' id='word_1_15' title='bbox 839 357 872 412; x_wconf 92' lang='lat' dir='ltr'>de</span> <span class='ocrx_word' id='word_1_16' title='bbox 888 357 989 429; x_wconf 89' lang='lat' dir='ltr'>requie,</span> <span class='ocrx_word' id='word_1_17' title='bbox 1004 356 1068 413; x_wconf 90' lang='lat' dir='ltr'>dicit</span> <span class='ocrx_word' id='word_1_18' title='bbox 1083 356 1193 428; x_wconf 89' lang='lat' dir='ltr'>quando</span> <span class='ocrx_word' id='word_1_19' title='bbox 1208 373 1215 411; x_wconf 91' lang='lat'>:</span> <span class='ocrx_word' id='word_1_20' title='bbox 1232 355 1367 421; x_wconf 86' lang='lat' dir='ltr'>videlieet,</span> <span class='ocrx_word' id='word_1_21' title='bbox 1378 365 1438 411; x_wconf 88' lang='lat' dir='ltr'>ante</span> <span class='ocrx_word' id='word_1_22' title='bbox 1453 357 1554 431; x_wconf 84' lang='lat' dir='ltr'>legem,</span> 
     </span>
     <span class='ocr_line' id='line_1_3' title="bbox 92 445 1557 519; baseline 0.003 -21"><span class='ocrx_word' id='word_1_23' title='bbox 92 445 233 518; x_wconf 71' lang='lat' dir='ltr'>triaquam</span> <span class='ocrx_word' id='word_1_24' title='bbox 248 448 369 518; x_wconf 73' lang='lat' dir='ltr'>Moysen,</span> <span class='ocrx_word' id='word_1_25' title='bbox 397 448 460 519; x_wconf 91' lang='lat' dir='ltr'>quia</span> <span class='ocrx_word' id='word_1_26' title='bbox 484 447 607 502; x_wconf 87' lang='lat' dir='ltr'>Christus</span> <span class='ocrx_word' id='word_1_27' title='bbox 623 446 707 501; x_wconf 85' lang='lat' dir='ltr'>labri·</span> <span class='ocrx_word' id='word_1_28' title='bbox 756 454 819 516; x_wconf 91' lang='lat' dir='ltr'>post</span> <span class='ocrx_word' id='word_1_29' title='bbox 839 445 1034 516; x_wconf 81' lang='lat' dir='ltr'>perfectionem</span> <span class='ocrx_word' id='word_1_30' title='bbox 1057 461 1170 516; x_wconf 90' lang='lat' dir='ltr'>operum</span> <span class='ocrx_word' id='word_1_31' title='bbox 1195 453 1300 516; x_wconf 82' lang='lat' dir='ltr'>septem</span> <span class='ocrx_word' id='word_1_32' title='bbox 1323 446 1430 501; x_wconf 92' lang='lat' dir='ltr'>dierum</span> <span class='ocrx_word' id='word_1_33' title='bbox 1446 463 1495 517; x_wconf 97' lang='grc' dir='ltr'>ρον</span> <span class='ocrx_word' id='word_1_34' title='bbox 1510 464 1557 503; x_wconf 87' lang='lat' dir='ltr'>re-</span> 
     </span>
     <span class='ocr_line' id='line_1_4' title="bbox 92 534 1562 607; baseline 0.001 -16"><span class='ocrx_word' id='word_1_35' title='bbox 92 550 169 603; x_wconf 87' lang='lat' dir='ltr'>mus,</span> <span class='ocrx_word' id='word_1_36' title='bbox 194 552 250 592; x_wconf 92' lang='lat' dir='ltr'>non</span> <span class='ocrx_word' id='word_1_37' title='bbox 264 544 354 592; x_wconf 87' lang='lat' dir='ltr'>autem</span> <span class='ocrx_word' id='word_1_38' title='bbox 369 537 487 607; x_wconf 78' lang='lat' dir='ltr'>Moyses.</span> <span class='ocrx_word' id='word_1_39' title='bbox 503 535 553 590; x_wconf 93' lang='lat' dir='ltr'>Hic</span> <span class='ocrx_word' id='word_1_40' title='bbox 568 535 649 590; x_wconf 88' lang='lat' dir='ltr'>aliam</span> <span class='ocrx_word' id='word_1_41' title='bbox 665 550 707 590; x_wconf 90' lang='lat' dir='ltr'>ra·</span> <span class='ocrx_word' id='word_1_42' title='bbox 758 536 850 606; x_wconf 87' lang='lat' dir='ltr'>quiem</span> <span class='ocrx_word' id='word_1_43' title='bbox 865 534 990 601; x_wconf 76' lang='lat' dir='ltr'>sabbati3</span> <span class='ocrx_word' id='word_1_44' title='bbox 1007 542 1033 588; x_wconf 91' lang='lat' dir='ltr'>et</span> <span class='ocrx_word' id='word_1_45' title='bbox 1048 534 1097 589; x_wconf 90' lang='lat' dir='ltr'>sub</span> <span class='ocrx_word' id='word_1_46' title='bbox 1113 534 1185 605; x_wconf 86' lang='lat' dir='ltr'>lege,</span> <span class='ocrx_word' id='word_1_47' title='bbox 1197 534 1304 606; x_wconf 91' lang='lat' dir='ltr'>quando</span> <span class='ocrx_word' id='word_1_48' title='bbox 1319 552 1369 607; x_wconf 90' lang='lat' dir='ltr'>per</span> <span class='ocrx_word' id='word_1_49' title='bbox 1383 543 1486 591; x_wconf 89' lang='lat' dir='ltr'>terram</span> <span class='ocrx_word' id='word_1_50' title='bbox 1496 552 1562 607; x_wconf 90' lang='lat' dir='ltr'>pro-</span> 
     </span>
     <span class='ocr_line' id='line_1_5' title="bbox 92 622 1559 698; baseline -0.001 -18"><span class='ocrx_word' id='word_1_51' title='bbox 92 626 251 691; x_wconf 88' lang='lat' dir='ltr'>noslendit,</span> <span class='ocrx_word' id='word_1_52' title='bbox 278 625 343 698; x_wconf 88' lang='lat' dir='ltr'>quia</span> <span class='ocrx_word' id='word_1_53' title='bbox 368 624 472 680; x_wconf 89' lang='lat' dir='ltr'>scilicet</span> <span class='ocrx_word' id='word_1_54' title='bbox 487 624 610 679; x_wconf 86' lang='lat' dir='ltr'>Christus</span> <span class='ocrx_word' id='word_1_55' title='bbox 625 623 705 690; x_wconf 83' lang='lat' dir='ltr'>silius,</span> <span class='ocrx_word' id='word_1_56' title='bbox 758 623 896 678; x_wconf 86' lang='lat' dir='ltr'>missionis</span> <span class='ocrx_word' id='word_1_57' title='bbox 917 622 1110 696; x_wconf 77' lang='lat' dir='ltr'>designabatur</span> <span class='ocrx_word' id='word_1_58' title='bbox 1129 642 1136 689; x_wconf 79' lang='grc' dir='ltr'>ς</span> <span class='ocrx_word' id='word_1_59' title='bbox 1152 631 1178 678; x_wconf 91' lang='lat' dir='ltr'>et</span> <span class='ocrx_word' id='word_1_60' title='bbox 1194 629 1326 694; x_wconf 87' lang='lat' dir='ltr'>ternpore,</span> <span class='ocrx_word' id='word_1_61' title='bbox 1343 624 1439 697; x_wconf 73' lang='lat' dir='ltr'>gratie</span> <span class='ocrx_word' id='word_1_62' title='bbox 1456 624 1559 695; x_wconf 87' lang='lat' dir='ltr'>Spiritu</span> 
     </span>
     <span class='ocr_line' id='line_1_6' title="bbox 92 711 1559 786; baseline -0.001 -17"><span class='ocrx_word' id='word_1_63' title='bbox 92 713 151 769; x_wconf 86' lang='lat' dir='ltr'>ulus</span> <span class='ocrx_word' id='word_1_64' title='bbox 166 721 222 781; x_wconf 89' lang='lat' dir='ltr'>est,</span> <span class='ocrx_word' id='word_1_65' title='bbox 238 714 283 786; x_wconf 95' lang='lat' dir='ltr'>qui</span> <span class='ocrx_word' id='word_1_66' title='bbox 298 721 325 770; x_wconf 87' lang='lat' dir='ltr'>et</span> <span class='ocrx_word' id='word_1_67' title='bbox 340 713 461 769; x_wconf 88' lang='lat' dir='ltr'>carnalia</span> <span class='ocrx_word' id='word_1_68' title='bbox 484 713 640 770; x_wconf 87' lang='lat' dir='ltr'>carnalibus</span> <span class='ocrx_word' id='word_1_69' title='bbox 656 720 708 767; x_wconf 90' lang='lat' dir='ltr'>tra·</span> <span class='ocrx_word' id='word_1_70' title='bbox 759 719 852 767; x_wconf 90' lang='lat' dir='ltr'>sancto</span> <span class='ocrx_word' id='word_1_71' title='bbox 868 711 975 766; x_wconf 91' lang='lat' dir='ltr'>dicente</span> <span class='ocrx_word' id='word_1_72' title='bbox 994 711 1023 765; x_wconf 93' lang='lat' dir='ltr'>in</span> <span class='ocrx_word' id='word_1_73' title='bbox 1037 712 1125 767; x_wconf 90' lang='lat' dir='ltr'>David</span> <span class='ocrx_word' id='word_1_74' title='bbox 1137 729 1144 765; x_wconf 92' lang='lat'><strong>:</strong></span> <span class='ocrx_word' id='word_1_75' title='bbox 1156 712 1245 778; x_wconf 76' lang='lat' dir='ltr'>leodic,</span> <span class='ocrx_word' id='word_1_76' title='bbox 1258 719 1323 779; x_wconf 84' lang='lat' dir='ltr'>etc,</span> <span class='ocrx_word' id='word_1_77' title='bbox 1340 714 1429 784; x_wconf 91' lang='lat' dir='ltr'>quasi,</span> <span class='ocrx_word' id='word_1_78' title='bbox 1448 713 1559 768; x_wconf 89' lang='lat' dir='ltr'>nuntia-</span> 
     </span>
     <span class='ocr_line' id='line_1_7' title="bbox 92 799 1560 874; baseline -0.002 -16"><span class='ocrx_word' id='word_1_79' title='bbox 92 810 141 858; x_wconf 67' lang='grc' dir='ltr'>νων</span> <span class='ocrx_word' id='word_1_80' title='bbox 156 818 221 858; x_wconf 88' lang='lat' dir='ltr'>vero</span> <span class='ocrx_word' id='word_1_81' title='bbox 246 802 405 874; x_wconf 82' lang='lat' dir='ltr'>spiritualia.</span> <span class='ocrx_word' id='word_1_82' title='bbox 760 809 815 855; x_wconf 91' lang='lat' dir='ltr'>turn</span> <span class='ocrx_word' id='word_1_83' title='bbox 828 808 869 855; x_wconf 90' lang='lat' dir='ltr'>est</span> <span class='ocrx_word' id='word_1_84' title='bbox 883 800 917 855; x_wconf 91' lang='lat' dir='ltr'>de</span> <span class='ocrx_word' id='word_1_85' title='bbox 932 799 1028 871; x_wconf 91' lang='lat' dir='ltr'>requie</span> <span class='ocrx_word' id='word_1_86' title='bbox 1043 800 1089 854; x_wconf 90' lang='lat' dir='ltr'>illa</span> <span class='ocrx_word' id='word_1_87' title='bbox 1104 808 1130 854; x_wconf 91' lang='lat' dir='ltr'>et</span> <span class='ocrx_word' id='word_1_88' title='bbox 1140 799 1300 873; x_wconf 83' lang='lat' dir='ltr'>sicquidem</span> <span class='ocrx_word' id='word_1_89' title='bbox 1310 802 1420 873; x_wconf 90' lang='lat' dir='ltr'>quando</span> <span class='ocrx_word' id='word_1_90' title='bbox 1439 801 1560 856; x_wconf 88' lang='lat' dir='ltr'>nondum</span> 
     </span>
     <span class='ocr_line' id='line_1_8' title="bbox 92 887 1561 965; baseline -0.002 -17"><span class='ocrx_word' id='word_1_91' title='bbox 92 890 294 965; x_wconf 76' lang='lat' dir='ltr'>-Qanpropten</span> <span class='ocrx_word' id='word_1_92' title='bbox 311 891 377 947; x_wconf 87' lang='lat' dir='ltr'>Cum</span> <span class='ocrx_word' id='word_1_93' title='bbox 395 907 544 962; x_wconf 81' lang='lat' dir='ltr'>supraprm</span> <span class='ocrx_word' id='word_1_94' title='bbox 557 890 662 964; x_wconf 83' lang='lat' dir='ltr'>angelis</span> <span class='ocrx_word' id='word_1_95' title='bbox 683 898 710 946; x_wconf 88' lang='lat' dir='ltr'>et</span> <span class='ocrx_word' id='word_1_96' title='bbox 760 889 905 961; x_wconf 84' lang='lat' dir='ltr'>completio</span> <span class='ocrx_word' id='word_1_97' title='bbox 928 889 1005 943; x_wconf 88' lang='lat' dir='ltr'>istius</span> <span class='ocrx_word' id='word_1_98' title='bbox 1027 905 1100 944; x_wconf 73' lang='lat' dir='ltr'>verae</span> <span class='ocrx_word' id='word_1_99' title='bbox 1114 887 1231 960; x_wconf 87' lang='lat' dir='ltr'>requieri</span> <span class='ocrx_word' id='word_1_100' title='bbox 1245 898 1302 943; x_wconf 87' lang='lat' dir='ltr'>erat</span> <span class='ocrx_word' id='word_1_101' title='bbox 1316 888 1479 962; x_wconf 80' lang='lat' dir='ltr'>significata,</span> <span class='ocrx_word' id='word_1_102' title='bbox 1497 890 1561 960; x_wconf 92' lang='lat' dir='ltr'>quia</span> 
     </span>
     <span class='ocr_line' id='line_1_9' title="bbox 92 976 1561 1050; baseline -0.001 -15"><span class='ocrx_word' id='word_1_103' title='bbox 92 979 202 1036; x_wconf 76' lang='lat' dir='ltr'>brislum</span> <span class='ocrx_word' id='word_1_104' title='bbox 216 981 435 1037; x_wconf 82' lang='lat' dir='ltr'>commendasset</span> <span class='ocrx_word' id='word_1_105' title='bbox 448 980 476 1033; x_wconf 94' lang='lat' dir='ltr'>in</span> <span class='ocrx_word' id='word_1_106' title='bbox 491 979 592 1044; x_wconf 90' lang='lat' dir='ltr'>multis,</span> <span class='ocrx_word' id='word_1_107' title='bbox 618 980 710 1034; x_wconf 92' lang='lat' dir='ltr'>subin-</span> <span class='ocrx_word' id='word_1_108' title='bbox 760 979 854 1050; x_wconf 88' lang='lat' dir='ltr'>requie</span> <span class='ocrx_word' id='word_1_109' title='bbox 876 977 965 1033; x_wconf 90' lang='lat' dir='ltr'>nullus</span> <span class='ocrx_word' id='word_1_110' title='bbox 975 977 1063 1034; x_wconf 88' lang='lat' dir='ltr'>adhuc</span> <span class='ocrx_word' id='word_1_111' title='bbox 1086 978 1187 1048; x_wconf 89' lang='lat' dir='ltr'>potitus</span> <span class='ocrx_word' id='word_1_112' title='bbox 1201 976 1299 1034; x_wconf 89' lang='lat' dir='ltr'>luerat.</span> <span class='ocrx_word' id='word_1_113' title='bbox 1315 981 1462 1050; x_wconf 67' lang='lat' dir='ltr'>perfectis.</span> <span class='ocrx_word' id='word_1_114' title='bbox 1480 978 1561 1048; x_wconf 85' lang='lat' dir='ltr'>Quod</span> 
     </span>
     <span class='ocr_line' id='line_1_10' title="bbox 92 1066 1562 1140; baseline -0.003 -15"><span class='ocrx_word' id='word_1_115' title='bbox 92 1075 175 1125; x_wconf 70' lang='lat' dir='ltr'>artare</span> <span class='ocrx_word' id='word_1_116' title='bbox 190 1070 337 1126; x_wconf 86' lang='lat' dir='ltr'>observare</span> <span class='ocrx_word' id='word_1_117' title='bbox 352 1086 412 1140; x_wconf 79' lang='lat' dir='ltr'>quae</span> <span class='ocrx_word' id='word_1_118' title='bbox 427 1069 462 1123; x_wconf 88' lang='lat' dir='ltr'>ab</span> <span class='ocrx_word' id='word_1_119' title='bbox 473 1068 519 1123; x_wconf 90' lang='lat' dir='ltr'>illo</span> <span class='ocrx_word' id='word_1_120' title='bbox 534 1069 708 1135; x_wconf 65' lang='lat' dir='ltr'>audivimus,</span> <span class='ocrx_word' id='word_1_121' title='bbox 761 1066 811 1123; x_wconf 83' lang='lat' dir='ltr'>luit</span> <span class='ocrx_word' id='word_1_122' title='bbox 823 1067 894 1122; x_wconf 84' lang='lat' dir='ltr'>lecto</span> <span class='ocrx_word' id='word_1_123' title='bbox 910 1067 1029 1134; x_wconf 92' lang='lat' dir='ltr'>homine,</span> <span class='ocrx_word' id='word_1_124' title='bbox 1046 1084 1097 1137; x_wconf 91' lang='lat' dir='ltr'>pro</span> <span class='ocrx_word' id='word_1_125' title='bbox 1113 1083 1167 1138; x_wconf 88' lang='lat' dir='ltr'>quo</span> <span class='ocrx_word' id='word_1_126' title='bbox 1182 1066 1253 1122; x_wconf 86' lang='lat' dir='ltr'>lacta</span> <span class='ocrx_word' id='word_1_127' title='bbox 1268 1075 1330 1121; x_wconf 89' lang='lat' dir='ltr'>sunt</span> <span class='ocrx_word' id='word_1_128' title='bbox 1344 1067 1444 1134; x_wconf 88' lang='lat' dir='ltr'>omnia,</span> <span class='ocrx_word' id='word_1_129' title='bbox 1460 1075 1486 1122; x_wconf 87' lang='lat' dir='ltr'>et</span> <span class='ocrx_word' id='word_1_130' title='bbox 1503 1066 1562 1139; x_wconf 90' lang='lat' dir='ltr'>ipse</span> 
     </span>
     <span class='ocr_line' id='line_1_11' title="bbox 92 1153 1286 1229; baseline -0.003 -14"><span class='ocrx_word' id='word_1_131' title='bbox 92 1159 283 1216; x_wconf 87' lang='lat' dir='ltr'>commendato</span> <span class='ocrx_word' id='word_1_132' title='bbox 297 1159 357 1229; x_wconf 93' lang='lat' dir='ltr'>ipso</span> <span class='ocrx_word' id='word_1_133' title='bbox 371 1174 429 1229; x_wconf 76' lang='lat' dir='ltr'>prae</span> <span class='ocrx_word' id='word_1_134' title='bbox 444 1160 547 1228; x_wconf 82' lang='lat' dir='ltr'>Moyse,</span> <span class='ocrx_word' id='word_1_135' title='bbox 558 1157 652 1228; x_wconf 89' lang='lat' dir='ltr'>incipit</span> <span class='ocrx_word' id='word_1_136' title='bbox 662 1173 710 1212; x_wconf 90' lang='lat' dir='ltr'>eos</span> <span class='ocrx_word' id='word_1_137' title='bbox 762 1156 797 1210; x_wconf 93' lang='lat' dir='ltr'>ad</span> <span class='ocrx_word' id='word_1_138' title='bbox 812 1157 900 1210; x_wconf 88' lang='lat' dir='ltr'>Deum</span> <span class='ocrx_word' id='word_1_139' title='bbox 911 1153 1118 1228; x_wconf 79' lang='lat' dir='ltr'>glorificandum</span> <span class='ocrx_word' id='word_1_140' title='bbox 1135 1154 1221 1210; x_wconf 85' lang='lat' dir='ltr'>laetus</span> <span class='ocrx_word' id='word_1_141' title='bbox 1236 1164 1286 1211; x_wconf 89' lang='lat' dir='ltr'>est.</span> 
     </span>
    </p>

    <p class='ocr_par' dir='ltr' id='par_1_3' title="bbox 92 1243 1568 1585">
     <span class='ocr_line' id='line_1_12' title="bbox 105 1243 1564 1317; baseline -0.003 -15"><span class='ocrx_word' id='word_1_142' title='bbox 105 1247 160 1303; x_wconf 83' lang='lat' dir='ltr'>sint</span> <span class='ocrx_word' id='word_1_143' title='bbox 174 1247 309 1303; x_wconf 84' lang='lat' dir='ltr'>increduli</span> <span class='ocrx_word' id='word_1_144' title='bbox 324 1248 439 1313; x_wconf 84' lang='lat' dir='ltr'>Christo,</span> <span class='ocrx_word' id='word_1_145' title='bbox 451 1262 501 1316; x_wconf 92' lang='lat' dir='ltr'>per</span> <span class='ocrx_word' id='word_1_146' title='bbox 515 1254 623 1317; x_wconf 86' lang='lat' dir='ltr'>patrum</span> <span class='ocrx_word' id='word_1_147' title='bbox 638 1246 712 1301; x_wconf 89' lang='lat' dir='ltr'>simi·</span> <span class='ocrx_word' id='word_1_148' title='bbox 797 1245 882 1299; x_wconf 75' lang='lat' dir='ltr'>teus.</span> <span class='ocrx_word' id='word_1_149' title='bbox 901 1245 926 1299; x_wconf 73' lang='grc'>4.</span> <span class='ocrx_word' id='word_1_150' title='bbox 943 1246 1023 1299; x_wconf 82' lang='lat' dir='ltr'>—lit</span> <span class='ocrx_word' id='word_1_151' title='bbox 1039 1246 1178 1317; x_wconf 81' lang='lat' dir='ltr'>requievit</span> <span class='ocrx_word' id='word_1_152' title='bbox 1191 1244 1239 1299; x_wconf 88' lang='lat' dir='ltr'>diu</span> <span class='ocrx_word' id='word_1_153' title='bbox 1254 1247 1384 1317; x_wconf 79' lang='lat' dir='ltr'>septimo.</span> <span class='ocrx_word' id='word_1_154' title='bbox 1398 1245 1451 1300; x_wconf 81' lang='lat' dir='ltr'>Ser</span> <span class='ocrx_word' id='word_1_155' title='bbox 1467 1243 1564 1300; x_wconf 90' lang='lat' dir='ltr'>diebus</span> 
     </span>
     <span class='ocr_line' id='line_1_13' title="bbox 92 1326 1566 1407; baseline -0.002 -14"><span class='ocrx_word' id='word_1_156' title='bbox 92 1342 116 1393; x_wconf 81' lang='lat' dir='ltr'>at</span> <span class='ocrx_word' id='word_1_157' title='bbox 139 1351 174 1392; x_wconf 88' lang='lat' dir='ltr'>ue</span> <span class='ocrx_word' id='word_1_158' title='bbox 198 1337 320 1391; x_wconf 86' lang='lat' dir='ltr'>amittant</span> <span class='ocrx_word' id='word_1_159' title='bbox 343 1336 473 1407; x_wconf 86' lang='lat' dir='ltr'>requiem,</span> <span class='ocrx_word' id='word_1_160' title='bbox 500 1334 646 1399; x_wconf 80' lang='lat' dir='ltr'>blanditur,</span> <span class='ocrx_word' id='word_1_161' title='bbox 662 1352 712 1406; x_wconf 92' lang='lat' dir='ltr'>per</span> <span class='ocrx_word' id='word_1_162' title='bbox 762 1332 826 1389; x_wconf 89' lang='lat' dir='ltr'>lecit</span> <span class='ocrx_word' id='word_1_163' title='bbox 841 1333 943 1402; x_wconf 88' lang='lat' dir='ltr'>omnia,</span> <span class='ocrx_word' id='word_1_164' title='bbox 958 1341 987 1388; x_wconf 90' lang='lat' dir='ltr'>ut</span> <span class='ocrx_word' id='word_1_165' title='bbox 1000 1340 1061 1403; x_wconf 89' lang='lat' dir='ltr'>post</span> <span class='ocrx_word' id='word_1_166' title='bbox 1077 1332 1144 1386; x_wconf 89' lang='lat' dir='ltr'>nihil</span> <span class='ocrx_word' id='word_1_167' title='bbox 1157 1326 1234 1388; x_wconf 81' lang='lat' dir='ltr'>fieret</span> <span class='ocrx_word' id='word_1_168' title='bbox 1255 1333 1307 1387; x_wconf 89' lang='lat' dir='ltr'>nisi</span> <span class='ocrx_word' id='word_1_169' title='bbox 1322 1334 1355 1388; x_wconf 93' lang='lat' dir='ltr'>de</span> <span class='ocrx_word' id='word_1_170' title='bbox 1370 1334 1486 1388; x_wconf 88' lang='lat' dir='ltr'>materia</span> <span class='ocrx_word' id='word_1_171' title='bbox 1500 1341 1566 1390; x_wconf 85' lang='lat' dir='ltr'>lunc</span> 
     </span>
     <span class='ocr_line' id='line_1_14' title="bbox 93 1421 1568 1495; baseline -0.002 -15"><span class='ocrx_word' id='word_1_172' title='bbox 93 1424 288 1495; x_wconf 87' lang='lat' dir='ltr'>emtemporis.</span> <span class='ocrx_word' id='word_1_173' title='bbox 304 1425 398 1481; x_wconf 83' lang='lat' dir='ltr'>llodie.</span> <span class='ocrx_word' id='word_1_174' title='bbox 414 1422 504 1490; x_wconf 87' lang='lat' dir='ltr'>blodo,</span> <span class='ocrx_word' id='word_1_175' title='bbox 516 1439 608 1493; x_wconf 87' lang='lat' dir='ltr'>perse</span> <span class='ocrx_word' id='word_1_176' title='bbox 624 1423 711 1495; x_wconf 90' lang='lat' dir='ltr'>loqui·</span> <span class='ocrx_word' id='word_1_177' title='bbox 764 1421 844 1488; x_wconf 88' lang='lat' dir='ltr'>lacta,</span> <span class='ocrx_word' id='word_1_178' title='bbox 869 1431 895 1477; x_wconf 91' lang='lat' dir='ltr'>et</span> <span class='ocrx_word' id='word_1_179' title='bbox 920 1421 956 1477; x_wconf 86' lang='lat' dir='ltr'>ad</span> <span class='ocrx_word' id='word_1_180' title='bbox 981 1421 1183 1476; x_wconf 89' lang='lat' dir='ltr'>similitudinem</span> <span class='ocrx_word' id='word_1_181' title='bbox 1210 1421 1351 1478; x_wconf 87' lang='lat' dir='ltr'>laetorum.</span> <span class='ocrx_word' id='word_1_182' title='bbox 1379 1422 1498 1493; x_wconf 88' lang='lat' dir='ltr'>Septima</span> <span class='ocrx_word' id='word_1_183' title='bbox 1522 1422 1568 1477; x_wconf 89' lang='lat' dir='ltr'>dia</span> 
     </span>
     <span class='ocr_line' id='line_1_15' title="bbox 92 1509 1568 1585; baseline -0.003 -16"><span class='ocrx_word' id='word_1_184' title='bbox 92 1511 146 1569; x_wconf 87' lang='lat' dir='ltr'>rius</span> <span class='ocrx_word' id='word_1_185' title='bbox 175 1530 224 1583; x_wconf 89' lang='lat' dir='ltr'>per</span> <span class='ocrx_word' id='word_1_186' title='bbox 236 1529 377 1585; x_wconf 83' lang='lat' dir='ltr'>praecoues</span> <span class='ocrx_word' id='word_1_187' title='bbox 394 1530 400 1566; x_wconf 95' lang='lat'><strong>:</strong></span> <span class='ocrx_word' id='word_1_188' title='bbox 417 1511 440 1566; x_wconf 88' lang='lat' dir='ltr'>si</span> <span class='ocrx_word' id='word_1_189' title='bbox 465 1518 527 1568; x_wconf 90' lang='lat' dir='ltr'>tunc</span> <span class='ocrx_word' id='word_1_190' title='bbox 553 1511 615 1566; x_wconf 91' lang='lat' dir='ltr'>duri</span> <span class='ocrx_word' id='word_1_191' title='bbox 630 1513 712 1567; x_wconf 90' lang='lat' dir='ltr'>modo</span> <span class='ocrx_word' id='word_1_192' title='bbox 764 1510 875 1580; x_wconf 85' lang='lat' dir='ltr'>quievit,</span> <span class='ocrx_word' id='word_1_193' title='bbox 892 1527 952 1582; x_wconf 75' lang='lat' dir='ltr'>quar</span> <span class='ocrx_word' id='word_1_194' title='bbox 972 1509 1035 1565; x_wconf 92' lang='lat' dir='ltr'>ideo</span> <span class='ocrx_word' id='word_1_195' title='bbox 1060 1510 1193 1583; x_wconf 79' lang='lat' dir='ltr'>significat</span> <span class='ocrx_word' id='word_1_196' title='bbox 1216 1511 1347 1582; x_wconf 88' lang='lat' dir='ltr'>requiem.</span> <span class='ocrx_word' id='word_1_197' title='bbox 1373 1511 1418 1567; x_wconf 90' lang='lat' dir='ltr'>Sic</span> <span class='ocrx_word' id='word_1_198' title='bbox 1441 1519 1467 1565; x_wconf 88' lang='lat' dir='ltr'>et</span> <span class='ocrx_word' id='word_1_199' title='bbox 1491 1519 1568 1565; x_wconf 82' lang='lat' dir='ltr'>sexta</span> 
     </span>
    </p>
   </div>
   <div class='ocr_carea' id='block_1_3' title="bbox 92 1607 1568 2033">
    <p class='ocr_par' dir='ltr' id='par_1_4' title="bbox 92 1607 1566 1859">
     <span class='ocr_line' id='line_1_16' title="bbox 92 1607 1565 1676; baseline 0.003 -17"><span class='ocrx_word' id='word_1_200' title='bbox 92 1617 123 1659; x_wconf 74' lang='lat' dir='ltr'>ts.</span> <span class='ocrx_word' id='word_1_201' title='bbox 763 1616 842 1663; x_wconf 74' lang='lat' dir='ltr'>astate</span> <span class='ocrx_word' id='word_1_202' title='bbox 858 1610 939 1663; x_wconf 89' lang='lat' dir='ltr'>homo</span> <span class='ocrx_word' id='word_1_203' title='bbox 961 1607 1086 1663; x_wconf 86' lang='lat' dir='ltr'>Christus</span> <span class='ocrx_word' id='word_1_204' title='bbox 1108 1617 1188 1664; x_wconf 88' lang='lat' dir='ltr'>natus</span> <span class='ocrx_word' id='word_1_205' title='bbox 1213 1618 1252 1663; x_wconf 88' lang='lat' dir='ltr'>est</span> <span class='ocrx_word' id='word_1_206' title='bbox 1264 1608 1365 1663; x_wconf 90' lang='lat' dir='ltr'>mundo</span> <span class='ocrx_word' id='word_1_207' title='bbox 1381 1610 1416 1663; x_wconf 93' lang='lat' dir='ltr'>ad</span> <span class='ocrx_word' id='word_1_208' title='bbox 1431 1608 1565 1676; x_wconf 88' lang='lat' dir='ltr'>laborem,</span> 
     </span>
     <span class='ocr_line' id='line_1_17' title="bbox 92 1688 1566 1777; baseline 0.003 -30"><span class='ocrx_word' id='word_1_209' title='bbox 92 1691 223 1746; x_wconf 78' lang='lat' dir='ltr'>-lvoote</span> <span class='ocrx_word' id='word_1_210' title='bbox 238 1691 373 1747; x_wconf 76' lang='lat' dir='ltr'>obdurare</span> <span class='ocrx_word' id='word_1_211' title='bbox 388 1691 472 1746; x_wconf 79' lang='lat' dir='ltr'>cordo</span> <span class='ocrx_word' id='word_1_212' title='bbox 486 1695 579 1746; x_wconf 79' lang='lat' dir='ltr'>vestra</span> <span class='ocrx_word' id='word_1_213' title='bbox 585 1710 594 1757; x_wconf 91' lang='lat'><em>;</em></span> <span class='ocrx_word' id='word_1_214' title='bbox 617 1688 644 1743; x_wconf 77' lang='lat' dir='ltr'>id</span> <span class='ocrx_word' id='word_1_215' title='bbox 660 1696 747 1777; x_wconf 70' lang='lat' dir='ltr'>8⁵2,ss</span> <span class='ocrx_word' id='word_1_216' title='bbox 765 1705 840 1751; x_wconf 78' lang='lat' dir='ltr'>serta</span> <span class='ocrx_word' id='word_1_217' title='bbox 854 1697 898 1751; x_wconf 90' lang='lat' dir='ltr'>die</span> <span class='ocrx_word' id='word_1_218' title='bbox 914 1705 939 1751; x_wconf 92' lang='lat' dir='ltr'>et</span> <span class='ocrx_word' id='word_1_219' title='bbox 954 1705 1034 1752; x_wconf 84' lang='lat' dir='ltr'>sexta</span> <span class='ocrx_word' id='word_1_220' title='bbox 1048 1697 1101 1751; x_wconf 91' lang='lat' dir='ltr'>diei</span> <span class='ocrx_word' id='word_1_221' title='bbox 1121 1698 1188 1752; x_wconf 83' lang='lat' dir='ltr'>liora</span> <span class='ocrx_word' id='word_1_222' title='bbox 1203 1714 1309 1768; x_wconf 84' lang='lat' dir='ltr'>passus,</span> <span class='ocrx_word' id='word_1_223' title='bbox 1322 1697 1438 1767; x_wconf 90' lang='lat' dir='ltr'>septima</span> <span class='ocrx_word' id='word_1_224' title='bbox 1453 1697 1566 1769; x_wconf 82' lang='lat' dir='ltr'>quierit.</span> 
     </span>
     <span class='ocr_line' id='line_1_18' title="bbox 93 1777 1566 1859; baseline 0.002 -23"><span class='ocrx_word' id='word_1_225' title='bbox 93 1778 213 1835; x_wconf 82' lang='lat' dir='ltr'>rebelles</span> <span class='ocrx_word' id='word_1_226' title='bbox 227 1787 253 1834; x_wconf 82' lang='lat' dir='ltr'>el</span> <span class='ocrx_word' id='word_1_227' title='bbox 275 1787 450 1835; x_wconf 76' lang='lat' dir='ltr'>contumaces</span> <span class='ocrx_word' id='word_1_228' title='bbox 465 1794 545 1845; x_wconf 78' lang='lat' dir='ltr'>esse,</span> <span class='ocrx_word' id='word_1_229' title='bbox 562 1778 611 1833; x_wconf 71' lang='lat' dir='ltr'>sed</span> <span class='ocrx_word' id='word_1_230' title='bbox 628 1777 712 1833; x_wconf 77' lang='lat' dir='ltr'>obse·</span> <span class='ocrx_word' id='word_1_231' title='bbox 764 1786 809 1859; x_wconf 73' lang='lat' dir='ltr'>Sic</span> <span class='ocrx_word' id='word_1_232' title='bbox 824 1794 850 1840; x_wconf 89' lang='lat' dir='ltr'>et</span> <span class='ocrx_word' id='word_1_233' title='bbox 873 1802 924 1840; x_wconf 92' lang='lat' dir='ltr'>nos</span> <span class='ocrx_word' id='word_1_234' title='bbox 948 1785 1013 1840; x_wconf 92' lang='lat' dir='ltr'>dum</span> <span class='ocrx_word' id='word_1_235' title='bbox 1035 1785 1085 1839; x_wconf 91' lang='lat' dir='ltr'>snb</span> <span class='ocrx_word' id='word_1_236' title='bbox 1108 1786 1237 1857; x_wconf 89' lang='lat' dir='ltr'>operibus</span> <span class='ocrx_word' id='word_1_237' title='bbox 1251 1803 1300 1840; x_wconf 85' lang='lat' dir='ltr'>sex</span> <span class='ocrx_word' id='word_1_238' title='bbox 1318 1786 1423 1840; x_wconf 89' lang='lat' dir='ltr'>dierum</span> <span class='ocrx_word' id='word_1_239' title='bbox 1438 1786 1566 1856; x_wconf 85' lang='lat' dir='ltr'>vivimus,</span> 
     </span>
    </p>

    <p class='ocr_par' dir='ltr' id='par_1_5' title="bbox 92 1866 1568 2033">
     <span class='ocr_line' id='line_1_19' title="bbox 762 1866 1568 1945; baseline 0 -16"><span class='ocrx_word' id='word_1_240' title='bbox 762 1866 929 1945; x_wconf 86' lang='lat' dir='ltr'>operamur;</span> <span class='ocrx_word' id='word_1_241' title='bbox 959 1874 1024 1929; x_wconf 91' lang='lat' dir='ltr'>inde</span> <span class='ocrx_word' id='word_1_242' title='bbox 1045 1882 1193 1940; x_wconf 87' lang='lat' dir='ltr'>exeuntes,</span> <span class='ocrx_word' id='word_1_243' title='bbox 1211 1874 1376 1945; x_wconf 89' lang='lat' dir='ltr'>quiescimus</span> <span class='ocrx_word' id='word_1_244' title='bbox 1402 1892 1409 1929; x_wconf 90' lang='lat'>:</span> <span class='ocrx_word' id='word_1_245' title='bbox 1432 1874 1456 1929; x_wconf 88' lang='lat' dir='ltr'>si</span> <span class='ocrx_word' id='word_1_246' title='bbox 1477 1881 1568 1929; x_wconf 91' lang='lat' dir='ltr'>tamen</span> 
     </span>
     <span class='ocr_line' id='line_1_20' title="bbox 92 1955 1333 2033; baseline 0.005 -20"><span class='ocrx_word' id='word_1_247' title='bbox 92 1986 119 1999; x_wconf 95' lang='lat'>-</span> <span class='ocrx_word' id='word_1_248' title='bbox 128 1957 338 2025; x_wconf 84' lang='lat' dir='ltr'>Proboverant,·</span> <span class='ocrx_word' id='word_1_249' title='bbox 350 1955 378 2011; x_wconf 89' lang='lat' dir='ltr'>id</span> <span class='ocrx_word' id='word_1_250' title='bbox 392 1963 443 2023; x_wconf 90' lang='lat' dir='ltr'>est,</span> <span class='ocrx_word' id='word_1_251' title='bbox 455 1955 619 2013; x_wconf 87' lang='lat' dir='ltr'>curiositatis</span> <span class='ocrx_word' id='word_1_252' title='bbox 629 1971 713 2012; x_wconf 89' lang='lat' dir='ltr'>causa</span> <span class='ocrx_word' id='word_1_253' title='bbox 762 1979 848 2033; x_wconf 87' lang='lat' dir='ltr'>opera</span> <span class='ocrx_word' id='word_1_254' title='bbox 863 1970 958 2018; x_wconf 89' lang='lat' dir='ltr'>nostra</span> <span class='ocrx_word' id='word_1_255' title='bbox 970 1962 1051 2018; x_wconf 88' lang='lat' dir='ltr'>valde</span> <span class='ocrx_word' id='word_1_256' title='bbox 1066 1962 1138 2018; x_wconf 91' lang='lat' dir='ltr'>bona</span> <span class='ocrx_word' id='word_1_257' title='bbox 1152 1962 1333 2019; x_wconf 83' lang='lat' dir='ltr'>inveniantur.</span> 
     </span>
    </p>
   </div>
   <div class='ocr_carea' id='block_1_4' title="bbox 92 2052 1563 2142">
    <p class='ocr_par' dir='ltr' id='par_1_6' title="bbox 92 2052 1563 2142">
     <span class='ocr_line' id='line_1_21' title="bbox 92 2052 1563 2142; baseline 0.001 -18"><span class='ocrx_word' id='word_1_258' title='bbox 92 2052 107 2101; x_wconf 49' lang='lat' dir='ltr'>b</span> <span class='ocrx_word' id='word_1_259' title='bbox 799 2071 884 2125; x_wconf 79' lang='lat' dir='ltr'>Vens.</span> <span class='ocrx_word' id='word_1_260' title='bbox 901 2073 927 2125; x_wconf 77' lang='lat'>5.</span> <span class='ocrx_word' id='word_1_261' title='bbox 939 2098 975 2110; x_wconf 88' lang='lat'><em>-</em></span> <span class='ocrx_word' id='word_1_262' title='bbox 989 2072 1024 2127; x_wconf 79' lang='lat' dir='ltr'>lit</span> <span class='ocrx_word' id='word_1_263' title='bbox 1042 2071 1074 2125; x_wconf 82' lang='lat' dir='ltr'>in</span> <span class='ocrx_word' id='word_1_264' title='bbox 1089 2071 1153 2126; x_wconf 80' lang='lat' dir='ltr'>isto.</span> <span class='ocrx_word' id='word_1_265' title='bbox 1174 2071 1213 2125; x_wconf 90' lang='lat' dir='ltr'>De</span> <span class='ocrx_word' id='word_1_266' title='bbox 1235 2069 1356 2125; x_wconf 88' lang='lat' dir='ltr'>secunda</span> <span class='ocrx_word' id='word_1_267' title='bbox 1381 2069 1486 2141; x_wconf 90' lang='lat' dir='ltr'>requie,</span> <span class='ocrx_word' id='word_1_268' title='bbox 1502 2085 1563 2142; x_wconf 77' lang='lat' dir='ltr'>qua</span> 
     </span>
    </p>
   </div>
   <div class='ocr_carea' id='block_1_5' title="bbox 92 2133 1567 2297">
    <p class='ocr_par' dir='ltr' id='par_1_7' title="bbox 92 2133 1567 2297">
     <span class='ocr_line' id='line_1_22' title="bbox 92 2133 1567 2233; baseline 0 -20"><span class='ocrx_word' id='word_1_269' title='bbox 92 2176 95 2188; x_wconf 93' lang='lat'><em>·</em></span> <span class='ocrx_word' id='word_1_270' title='bbox 119 2163 156 2176; x_wconf 88' lang='grc'>““</span> <span class='ocrx_word' id='word_1_271' title='bbox 181 2134 319 2205; x_wconf 57' lang='lat' dir='ltr'>offemul·</span> <span class='ocrx_word' id='word_1_272' title='bbox 350 2133 435 2190; x_wconf 65' lang='lat' dir='ltr'>valde</span> <span class='ocrx_word' id='word_1_273' title='bbox 460 2134 713 2233; x_wconf 39' lang='lat' dir='ltr'>⁰¹·implacabifflef</span> <span class='ocrx_word' id='word_1_274' title='bbox 765 2157 934 2232; x_wconf 84' lang='lat' dir='ltr'>significatur·</span> <span class='ocrx_word' id='word_1_275' title='bbox 948 2175 999 2230; x_wconf 92' lang='lat' dir='ltr'>per</span> <span class='ocrx_word' id='word_1_276' title='bbox 1013 2157 1132 2231; x_wconf 82' lang='lat' dir='ltr'>figuram</span> <span class='ocrx_word' id='word_1_277' title='bbox 1152 2159 1258 2228; x_wconf 90' lang='lat' dir='ltr'>requiei</span> <span class='ocrx_word' id='word_1_278' title='bbox 1273 2166 1352 2213; x_wconf 86' lang='lat' dir='ltr'>terrae</span> <span class='ocrx_word' id='word_1_279' title='bbox 1367 2159 1567 2229; x_wconf 85' lang='lat' dir='ltr'>promissionis.</span> 
     </span>
     <span class='ocr_line' id='line_1_23' title="bbox 92 2223 713 2297; baseline 0 -16"><span class='ocrx_word' id='word_1_280' title='bbox 92 2240 172 2281; x_wconf 78' lang='lat' dir='ltr'>aras.</span> <span class='ocrx_word' id='word_1_281' title='bbox 195 2223 245 2280; x_wconf 88' lang='lat' dir='ltr'>Vel</span> <span class='ocrx_word' id='word_1_282' title='bbox 265 2224 415 2297; x_wconf 77' lang='lat' dir='ltr'>proximas</span> <span class='ocrx_word' id='word_1_283' title='bbox 434 2224 588 2280; x_wconf 82' lang='lat' dir='ltr'>adhibendo</span> <span class='ocrx_word' id='word_1_284' title='bbox 604 2241 713 2281; x_wconf 90' lang='lat' dir='ltr'>eorrec-</span> 
     </span>
    </p>
   </div>
   <div class='ocr_carea' id='block_1_6' title="bbox 92 2311 125 2369">
    <p class='ocr_par' dir='ltr' id='par_1_8' title="bbox 92 2311 125 2369">
     <span class='ocr_line' id='line_1_24' title="bbox 92 2311 125 2369; baseline 0.03 -1"><span class='ocrx_word' id='word_1_285' title='bbox 92 2311 125 2369; x_wconf 86' lang='lat' dir='ltr'>la.</span> 
     </span>
    </p>
   </div>
   <div class='ocr_carea' id='block_1_7' title="bbox 91 2401 714 2474">
    <p class='ocr_par' dir='ltr' id='par_1_9' title="bbox 91 2401 714 2474">
     <span class='ocr_line' id='line_1_25' title="bbox 91 2401 714 2474; baseline -0.003 -15"><span class='ocrx_word' id='word_1_286' title='bbox 91 2431 148 2459; x_wconf 86' lang='lat'>.-</span> <span class='ocrx_word' id='word_1_287' title='bbox 163 2401 195 2457; x_wconf 83' lang='lat' dir='ltr'>ln</span> <span class='ocrx_word' id='word_1_288' title='bbox 209 2403 255 2457; x_wconf 84' lang='lat' dir='ltr'>ira</span> <span class='ocrx_word' id='word_1_289' title='bbox 269 2419 341 2458; x_wconf 80' lang='lat' dir='ltr'>anea.</span> <span class='ocrx_word' id='word_1_290' title='bbox 358 2403 441 2459; x_wconf 88' lang='lat' dir='ltr'>Irasci</span> <span class='ocrx_word' id='word_1_291' title='bbox 457 2404 554 2460; x_wconf 92' lang='lat' dir='ltr'>dicitur</span> <span class='ocrx_word' id='word_1_292' title='bbox 570 2404 643 2458; x_wconf 90' lang='lat' dir='ltr'>Deus</span> <span class='ocrx_word' id='word_1_293' title='bbox 665 2418 714 2474; x_wconf 90' lang='lat' dir='ltr'>per</span> 
     </span>
    </p>
   </div>
   <div class='ocr_carea' id='block_1_8' title="bbox 764 2264 1572 2427">
    <p class='ocr_par' dir='ltr' id='par_1_10' title="bbox 764 2264 1572 2427">
     <span class='ocr_line' id='line_1_26' title="bbox 799 2264 1570 2336; baseline -0.001 -16"><span class='ocrx_word' id='word_1_294' title='bbox 799 2266 884 2320; x_wconf 84' lang='lat' dir='ltr'>Vnus.</span> <span class='ocrx_word' id='word_1_295' title='bbox 900 2267 927 2321; x_wconf 81' lang='lat'>7.</span> <span class='ocrx_word' id='word_1_296' title='bbox 944 2295 979 2305; x_wconf 96' lang='lat'>-</span> <span class='ocrx_word' id='word_1_297' title='bbox 993 2266 1073 2320; x_wconf 83' lang='lat' dir='ltr'>Diem</span> <span class='ocrx_word' id='word_1_298' title='bbox 1088 2265 1237 2336; x_wconf 84' lang='lat' dir='ltr'>quemdum</span> <span class='ocrx_word' id='word_1_299' title='bbox 1256 2265 1346 2320; x_wconf 83' lang='lat' dir='ltr'>bodie.</span> <span class='ocrx_word' id='word_1_300' title='bbox 1363 2265 1403 2319; x_wconf 89' lang='lat' dir='ltr'>De</span> <span class='ocrx_word' id='word_1_301' title='bbox 1427 2265 1505 2321; x_wconf 86' lang='lat' dir='ltr'>tertia</span> <span class='ocrx_word' id='word_1_302' title='bbox 1528 2264 1570 2320; x_wconf 91' lang='lat' dir='ltr'>si-</span> 
     </span>
     <span class='ocr_line' id='line_1_27' title="bbox 764 2351 1572 2427; baseline 0.004 -20"><span class='ocrx_word' id='word_1_303' title='bbox 764 2351 903 2427; x_wconf 83' lang='lat' dir='ltr'>gnificata,</span> <span class='ocrx_word' id='word_1_304' title='bbox 922 2361 949 2408; x_wconf 92' lang='lat' dir='ltr'>et</span> <span class='ocrx_word' id='word_1_305' title='bbox 968 2354 1077 2426; x_wconf 92' lang='lat' dir='ltr'>quando</span> <span class='ocrx_word' id='word_1_306' title='bbox 1101 2354 1194 2419; x_wconf 88' lang='lat' dir='ltr'>datur,</span> <span class='ocrx_word' id='word_1_307' title='bbox 1208 2354 1332 2424; x_wconf 86' lang='lat' dir='ltr'>quamvis</span> <span class='ocrx_word' id='word_1_308' title='bbox 1354 2354 1482 2419; x_wconf 90' lang='lat' dir='ltr'>obscure,</span> <span class='ocrx_word' id='word_1_309' title='bbox 1509 2369 1572 2425; x_wconf 71' lang='lat' dir='ltr'>quae</span> 
     </span>
    </p>
   </div>
   <div class='ocr_carea' id='block_1_9' title="bbox 92 2442 1569 2606">
    <p class='ocr_par' dir='ltr' id='par_1_11' title="bbox 92 2442 1569 2606">
     <span class='ocr_line' id='line_1_28' title="bbox 92 2442 1569 2546; baseline -0.002 -45"><span class='ocrx_word' id='word_1_310' title='bbox 92 2489 117 2546; x_wconf 53' lang='lat' dir='ltr'>[h</span> <span class='ocrx_word' id='word_1_311' title='bbox 234 2490 251 2544; x_wconf 74' lang='lat' dir='ltr'>h</span> <span class='ocrx_word' id='word_1_312' title='bbox 441 2493 446 2505; x_wconf 83' lang='lat'>,</span> <span class='ocrx_word' id='word_1_313' title='bbox 502 2494 552 2537; x_wconf 86' lang='lat'>.·</span> <span class='ocrx_word' id='word_1_314' title='bbox 654 2492 667 2535; x_wconf 16' lang='grc' dir='ltr'>Δ,</span> <span class='ocrx_word' id='word_1_315' title='bbox 765 2459 814 2515; x_wconf 91' lang='lat' dir='ltr'>per</span> <span class='ocrx_word' id='word_1_316' title='bbox 824 2443 962 2497; x_wconf 90' lang='lat' dir='ltr'>Christum</span> <span class='ocrx_word' id='word_1_317' title='bbox 976 2442 1150 2498; x_wconf 92' lang='lat' dir='ltr'>credentibus</span> <span class='ocrx_word' id='word_1_318' title='bbox 1165 2443 1301 2513; x_wconf 88' lang='lat' dir='ltr'>promissa</span> <span class='ocrx_word' id='word_1_319' title='bbox 1316 2451 1366 2497; x_wconf 87' lang='lat' dir='ltr'>est.</span> <span class='ocrx_word' id='word_1_320' title='bbox 1378 2446 1569 2498; x_wconf 82' lang='lat' dir='ltr'>Poattontam</span> 
     </span>
     <span class='ocr_line' id='line_1_29' title="bbox 118 2492 1569 2606; baseline -0.002 -16"><span class='ocrx_word' id='word_1_321' title='bbox 118 2498 232 2561; x_wconf 58' lang='lat' dir='ltr'>r⁰p⁰p³l</span> <span class='ocrx_word' id='word_1_322' title='bbox 253 2505 293 2544; x_wconf 69' lang='lat' dir='ltr'>⁰s&#39;</span> <span class='ocrx_word' id='word_1_323' title='bbox 308 2492 338 2546; x_wconf 52' lang='grc' dir='ltr'>δ’</span> <span class='ocrx_word' id='word_1_324' title='bbox 358 2493 520 2548; x_wconf 56' lang='lat' dir='ltr'>mmmm</span> <span class='ocrx_word' id='word_1_325' title='bbox 541 2509 573 2546; x_wconf 73' lang='lat' dir='ltr'><strong><em>m</em></strong></span> <span class='ocrx_word' id='word_1_326' title='bbox 589 2507 713 2564; x_wconf 55' lang='lat' dir='ltr'>mmm</span> <span class='ocrx_word' id='word_1_327' title='bbox 767 2534 911 2605; x_wconf 78' lang='lat' dir='ltr'>temporis.</span> <span class='ocrx_word' id='word_1_328' title='bbox 928 2533 958 2586; x_wconf 90' lang='lat' dir='ltr'>ln</span> <span class='ocrx_word' id='word_1_329' title='bbox 973 2532 1026 2587; x_wconf 90' lang='lat' dir='ltr'>hoc</span> <span class='ocrx_word' id='word_1_330' title='bbox 1040 2539 1131 2587; x_wconf 87' lang='lat' dir='ltr'>autern</span> <span class='ocrx_word' id='word_1_331' title='bbox 1150 2539 1224 2601; x_wconf 80' lang='lat' dir='ltr'>patet</span> <span class='ocrx_word' id='word_1_332' title='bbox 1243 2531 1317 2606; x_wconf 91' lang='lat' dir='ltr'>quod</span> <span class='ocrx_word' id='word_1_333' title='bbox 1338 2531 1510 2587; x_wconf 76' lang='lat' dir='ltr'>herestalia</span> <span class='ocrx_word' id='word_1_334' title='bbox 1524 2548 1569 2587; x_wconf 88' lang='lat' dir='ltr'>re·</span> 
     </span>
    </p>
   </div>
   <div class='ocr_carea' id='block_1_10' title="bbox 92 2580 1568 2960">
    <p class='ocr_par' dir='ltr' id='par_1_12' title="bbox 92 2580 1568 2960">
     <span class='ocr_line' id='line_1_30' title="bbox 93 2580 1568 2693; baseline -0.002 -16"><span class='ocrx_word' id='word_1_335' title='bbox 93 2594 210 2650; x_wconf 67' lang='lat' dir='ltr'><strong>⁸¹⁰p⁰⁸¹⁵</strong></span> <span class='ocrx_word' id='word_1_336' title='bbox 226 2587 277 2642; x_wconf 49' lang='grc' dir='ltr'>ω’</span> <span class='ocrx_word' id='word_1_337' title='bbox 294 2580 321 2634; x_wconf 75' lang='lat' dir='ltr'>¹d</span> <span class='ocrx_word' id='word_1_338' title='bbox 340 2588 384 2682; x_wconf 50' lang='grc' dir='ltr'>,ρει</span> <span class='ocrx_word' id='word_1_339' title='bbox 407 2596 461 2634; x_wconf 72' lang='lat' dir='ltr'>n⁰¹¹</span> <span class='ocrx_word' id='word_1_340' title='bbox 471 2582 641 2682; x_wconf 49' lang='lat' dir='ltr'>‚mtfmbunt‘</span> <span class='ocrx_word' id='word_1_341' title='bbox 691 2667 697 2678; x_wconf 91' lang='lat'>.</span> <span class='ocrx_word' id='word_1_342' title='bbox 766 2621 844 2691; x_wconf 87' lang='lat' dir='ltr'>quies</span> <span class='ocrx_word' id='word_1_343' title='bbox 858 2621 893 2676; x_wconf 91' lang='lat' dir='ltr'>de</span> <span class='ocrx_word' id='word_1_344' title='bbox 908 2636 963 2693; x_wconf 92' lang='lat' dir='ltr'>qua</span> <span class='ocrx_word' id='word_1_345' title='bbox 978 2621 1066 2676; x_wconf 82' lang='lat' dir='ltr'>David</span> <span class='ocrx_word' id='word_1_346' title='bbox 1082 2620 1146 2675; x_wconf 91' lang='lat' dir='ltr'>dicit</span> <span class='ocrx_word' id='word_1_347' title='bbox 1170 2620 1259 2687; x_wconf 81' lang='lat' dir='ltr'>bodie,</span> <span class='ocrx_word' id='word_1_348' title='bbox 1278 2637 1357 2693; x_wconf 87' lang='lat' dir='ltr'>quarn</span> <span class='ocrx_word' id='word_1_349' title='bbox 1371 2621 1416 2675; x_wconf 90' lang='lat' dir='ltr'>illa</span> <span class='ocrx_word' id='word_1_350' title='bbox 1436 2621 1568 2693; x_wconf 88' lang='lat' dir='ltr'>adquam</span> 
     </span>
     <span class='ocr_line' id='line_1_31' title="bbox 102 2669 1567 2810; baseline 0 -43"><span class='ocrx_word' id='word_1_351' title='bbox 102 2697 137 2709; x_wconf 77' lang='grc'><em>“</em></span> <span class='ocrx_word' id='word_1_352' title='bbox 150 2669 319 2810; x_wconf 49' lang='grc' dir='ltr'>σοὲἣωαωῃῗ</span> <span class='ocrx_word' id='word_1_353' title='bbox 335 2670 559 2810; x_wconf 48' lang='grc' dir='ltr'>Μῗηάαὴίαίω·</span> <span class='ocrx_word' id='word_1_354' title='bbox 571 2670 714 2810; x_wconf 51' lang='grc' dir='ltr'>[ΠΡΗΙῙΘΜΒ</span> <span class='ocrx_word' id='word_1_355' title='bbox 764 2710 846 2765; x_wconf 84' lang='lat' dir='ltr'>losue</span> <span class='ocrx_word' id='word_1_356' title='bbox 861 2709 946 2765; x_wconf 82' lang='lat' dir='ltr'>duxit.</span> <span class='ocrx_word' id='word_1_357' title='bbox 970 2710 1039 2764; x_wconf 88' lang='lat' dir='ltr'>Nam</span> <span class='ocrx_word' id='word_1_358' title='bbox 1064 2709 1086 2764; x_wconf 89' lang='lat' dir='ltr'>si</span> <span class='ocrx_word' id='word_1_359' title='bbox 1102 2709 1147 2762; x_wconf 91' lang='lat' dir='ltr'>illa</span> <span class='ocrx_word' id='word_1_360' title='bbox 1174 2716 1255 2776; x_wconf 88' lang='lat' dir='ltr'>esset,</span> <span class='ocrx_word' id='word_1_361' title='bbox 1273 2726 1328 2765; x_wconf 94' lang='lat' dir='ltr'>non</span> <span class='ocrx_word' id='word_1_362' title='bbox 1353 2710 1512 2782; x_wconf 87' lang='lat' dir='ltr'>loqueretur</span> <span class='ocrx_word' id='word_1_363' title='bbox 1531 2711 1567 2767; x_wconf 86' lang='lat' dir='ltr'>de</span> 
     </span>
     <span class='ocr_line' id='line_1_32' title="bbox 92 2758 1567 2899; baseline 0 -44"><span class='ocrx_word' id='word_1_364' title='bbox 92 2772 127 2899; x_wconf 53' lang='grc' dir='ltr'>οἱ</span> <span class='ocrx_word' id='word_1_365' title='bbox 150 2773 181 2810; x_wconf 66' lang='lat'>⁵¹¹</span> <span class='ocrx_word' id='word_1_366' title='bbox 208 2773 275 2854; x_wconf 60' lang='lat' dir='ltr'>,we</span> <span class='ocrx_word' id='word_1_367' title='bbox 297 2774 355 2897; x_wconf 66' lang='lat' dir='ltr'>lsme</span> <span class='ocrx_word' id='word_1_368' title='bbox 381 2774 442 2830; x_wconf 48' lang='grc' dir='ltr'>ρξε’</span> <span class='ocrx_word' id='word_1_369' title='bbox 458 2758 530 2829; x_wconf 57' lang='lat' dir='ltr'>qumi</span> <span class='ocrx_word' id='word_1_370' title='bbox 546 2764 587 2812; x_wconf 55' lang='grc' dir='ltr'>ρει</span> <span class='ocrx_word' id='word_1_371' title='bbox 602 2773 712 2899; x_wconf 76' lang='lat' dir='ltr'>mqum,</span> <span class='ocrx_word' id='word_1_372' title='bbox 764 2798 817 2853; x_wconf 86' lang='lat' dir='ltr'>alia</span> <span class='ocrx_word' id='word_1_373' title='bbox 840 2798 926 2854; x_wconf 88' lang='lat' dir='ltr'>David</span> <span class='ocrx_word' id='word_1_374' title='bbox 940 2817 947 2866; x_wconf 89' lang='lat'>;</span> <span class='ocrx_word' id='word_1_375' title='bbox 963 2814 1031 2872; x_wconf 81' lang='lat' dir='ltr'>ergo</span> <span class='ocrx_word' id='word_1_376' title='bbox 1055 2806 1158 2854; x_wconf 82' lang='lat' dir='ltr'>certum</span> <span class='ocrx_word' id='word_1_377' title='bbox 1173 2806 1215 2852; x_wconf 88' lang='lat' dir='ltr'>est</span> <span class='ocrx_word' id='word_1_378' title='bbox 1238 2814 1299 2853; x_wconf 84' lang='lat' dir='ltr'>esse</span> <span class='ocrx_word' id='word_1_379' title='bbox 1323 2798 1403 2853; x_wconf 89' lang='lat' dir='ltr'>aliam</span> <span class='ocrx_word' id='word_1_380' title='bbox 1426 2800 1461 2854; x_wconf 92' lang='lat' dir='ltr'>ad</span> <span class='ocrx_word' id='word_1_381' title='bbox 1485 2815 1567 2871; x_wconf 89' lang='lat' dir='ltr'>quarn</span> 
     </span>
     <span class='ocr_line' id='line_1_33' title="bbox 92 2847 1563 2960; baseline -0.001 -15"><span class='ocrx_word' id='word_1_382' title='bbox 92 2884 96 2899; x_wconf 86' lang='lat'><em>&#39;</em></span> <span class='ocrx_word' id='word_1_383' title='bbox 128 2861 191 2901; x_wconf 76' lang='lat' dir='ltr'>⁰m⁰</span> <span class='ocrx_word' id='word_1_384' title='bbox 206 2863 234 2899; x_wconf 72' lang='lat'>¹⁰</span> <span class='ocrx_word' id='word_1_385' title='bbox 249 2863 294 2901; x_wconf 69' lang='lat' dir='ltr'>mu</span> <span class='ocrx_word' id='word_1_386' title='bbox 307 2853 334 2899; x_wconf 64' lang='lat'>¹³</span> <span class='ocrx_word' id='word_1_387' title='bbox 348 2856 470 2916; x_wconf 41' lang='lat' dir='ltr'>peccam</span> <span class='ocrx_word' id='word_1_388' title='bbox 496 2848 554 2901; x_wconf 61' lang='lat' dir='ltr'>Nec</span> <span class='ocrx_word' id='word_1_389' title='bbox 574 2847 626 2902; x_wconf 68' lang='lat'><strong>¹¹⁰⁰</strong></span> <span class='ocrx_word' id='word_1_390' title='bbox 652 2862 711 2912; x_wconf 51' lang='grc' dir='ltr'>Μ’</span> <span class='ocrx_word' id='word_1_391' title='bbox 765 2886 890 2943; x_wconf 86' lang='lat' dir='ltr'>Christus</span> <span class='ocrx_word' id='word_1_392' title='bbox 905 2887 989 2955; x_wconf 89' lang='lat' dir='ltr'>ducit,</span> <span class='ocrx_word' id='word_1_393' title='bbox 1005 2904 1066 2958; x_wconf 74' lang='lat' dir='ltr'>quae</span> <span class='ocrx_word' id='word_1_394' title='bbox 1080 2904 1131 2959; x_wconf 89' lang='lat' dir='ltr'>per</span> <span class='ocrx_word' id='word_1_395' title='bbox 1145 2887 1218 2941; x_wconf 88' lang='lat' dir='ltr'>illam</span> <span class='ocrx_word' id='word_1_396' title='bbox 1239 2887 1380 2941; x_wconf 79' lang='lat' dir='ltr'>Palaestina</span> <span class='ocrx_word' id='word_1_397' title='bbox 1395 2888 1563 2960; x_wconf 78' lang='lat' dir='ltr'>signabatur.</span> 
     </span>
    </p>
   </div>
   <div class='ocr_carea' id='block_1_11' title="bbox 91 2934 1567 3271">
    <p class='ocr_par' dir='ltr' id='par_1_13' title="bbox 91 2934 1535 3001">
     <span class='ocr_line' id='line_1_34' title="bbox 91 2934 1535 3001; baseline -0.007 -13"><span class='ocrx_word' id='word_1_398' title='bbox 91 2934 439 2990; x_wconf 79' lang='lat' dir='ltr'>tcordiscedendialteo</span> <span class='ocrx_word' id='word_1_399' title='bbox 463 2934 534 2989; x_wconf 89' lang='lat' dir='ltr'>vivo.</span> <span class='ocrx_word' id='word_1_400' title='bbox 1095 2989 1110 2999; x_wconf 93' lang='lat'>..</span> <span class='ocrx_word' id='word_1_401' title='bbox 1297 2989 1301 2999; x_wconf 34' lang='grc' dir='ltr'>Ι</span> <span class='ocrx_word' id='word_1_402' title='bbox 1403 2989 1408 3000; x_wconf 38' lang='grc' dir='ltr'>Ι</span> <span class='ocrx_word' id='word_1_403' title='bbox 1529 2991 1535 3001; x_wconf 31' lang='lat'>¹</span> 
     </span>
    </p>

    <p class='ocr_par' dir='ltr' id='par_1_14' title="bbox 92 2988 1567 3271">
     <span class='ocr_line' id='line_1_35' title="bbox 92 2988 1567 3094; baseline -0.005 -42"><span class='ocrx_word' id='word_1_404' title='bbox 92 3063 97 3077; x_wconf 32' lang='lat'>⁸</span> <span class='ocrx_word' id='word_1_405' title='bbox 113 3051 148 3063; x_wconf 73' lang='grc'><strong>,</strong></span> <span class='ocrx_word' id='word_1_406' title='bbox 162 3025 254 3079; x_wconf 57' lang='lat' dir='ltr'><em>Donec</em></span> <span class='ocrx_word' id='word_1_407' title='bbox 270 3024 368 3090; x_wconf 43' lang='lat' dir='ltr'>popm</span> <span class='ocrx_word' id='word_1_408' title='bbox 384 3023 411 3077; x_wconf 65' lang='lat' dir='ltr'>id</span> <span class='ocrx_word' id='word_1_409' title='bbox 425 3031 475 3087; x_wconf 46' lang='lat' dir='ltr'>est,</span> <span class='ocrx_word' id='word_1_410' title='bbox 494 3030 599 3094; x_wconf 61' lang='lat' dir='ltr'>,empus</span> <span class='ocrx_word' id='word_1_411' title='bbox 618 3022 713 3093; x_wconf 45' lang='grc' dir='ltr'>θηρῶ</span> <span class='ocrx_word' id='word_1_412' title='bbox 800 2991 886 3045; x_wconf 85' lang='lat' dir='ltr'>Vnus.</span> <span class='ocrx_word' id='word_1_413' title='bbox 903 2994 929 3045; x_wconf 87' lang='lat'>8.</span> <span class='ocrx_word' id='word_1_414' title='bbox 945 3020 979 3030; x_wconf 95' lang='lat'>-</span> <span class='ocrx_word' id='word_1_415' title='bbox 995 2991 1051 3089; x_wconf 67' lang='lat' dir='ltr'>Etr,</span> <span class='ocrx_word' id='word_1_416' title='bbox 1065 2988 1131 3088; x_wconf 77' lang='lat' dir='ltr'>illus</span> <span class='ocrx_word' id='word_1_417' title='bbox 1144 2988 1355 3087; x_wconf 33' lang='lat' dir='ltr'>lsrael,·qurbus</span> <span class='ocrx_word' id='word_1_418' title='bbox 1369 3006 1443 3060; x_wconf 80' lang='lat' dir='ltr'>prius</span> <span class='ocrx_word' id='word_1_419' title='bbox 1460 2997 1567 3090; x_wconf 80' lang='lat' dir='ltr'>nuntia-</span> 
     </span>
     <span class='ocr_line' id='line_1_36' title="bbox 92 3078 1567 3183; baseline -0.004 -43"><span class='ocrx_word' id='word_1_420' title='bbox 92 3109 159 3166; x_wconf 55' lang='lat' dir='ltr'>pebat</span> <span class='ocrx_word' id='word_1_421' title='bbox 174 3112 308 3181; x_wconf 52' lang='lat' dir='ltr'>propheta</span> <span class='ocrx_word' id='word_1_422' title='bbox 323 3112 446 3182; x_wconf 53' lang='lat' dir='ltr'>superius</span> <span class='ocrx_word' id='word_1_423' title='bbox 461 3110 489 3165; x_wconf 69' lang='lat' dir='ltr'>in</span> <span class='ocrx_word' id='word_1_424' title='bbox 503 3111 631 3181; x_wconf 44' lang='lat' dir='ltr'>psalmis,</span> <span class='ocrx_word' id='word_1_425' title='bbox 649 3079 747 3183; x_wconf 60' lang='lat' dir='ltr'>quial}</span> <span class='ocrx_word' id='word_1_426' title='bbox 762 3086 818 3178; x_wconf 83' lang='lat' dir='ltr'>tum</span> <span class='ocrx_word' id='word_1_427' title='bbox 830 3086 874 3178; x_wconf 77' lang='lat' dir='ltr'>est</span> <span class='ocrx_word' id='word_1_428' title='bbox 887 3078 922 3134; x_wconf 90' lang='lat' dir='ltr'>de</span> <span class='ocrx_word' id='word_1_429' title='bbox 937 3094 1031 3180; x_wconf 76' lang='lat' dir='ltr'>requie</span> <span class='ocrx_word' id='word_1_430' title='bbox 1045 3094 1095 3149; x_wconf 92' lang='grc' dir='ltr'>ρον</span> <span class='ocrx_word' id='word_1_431' title='bbox 1110 3094 1227 3181; x_wconf 69' lang='lat' dir='ltr'>sqqnum,</span> <span class='ocrx_word' id='word_1_432' title='bbox 1244 3078 1321 3133; x_wconf 84' lang='lat' dir='ltr'>idest</span> <span class='ocrx_word' id='word_1_433' title='bbox 1336 3086 1437 3178; x_wconf 77' lang='lat' dir='ltr'>terram</span> <span class='ocrx_word' id='word_1_434' title='bbox 1451 3095 1567 3150; x_wconf 84' lang='lat' dir='ltr'>promis·</span> 
     </span>
     <span class='ocr_line' id='line_1_37' title="bbox 99 3168 1567 3271; baseline -0.002 -43"><span class='ocrx_word' id='word_1_435' title='bbox 99 3200 182 3255; x_wconf 65' lang='lat' dir='ltr'>modo</span> <span class='ocrx_word' id='word_1_436' title='bbox 207 3207 351 3269; x_wconf 53' lang='lat' dir='ltr'>praespawr</span> <span class='ocrx_word' id='word_1_437' title='bbox 373 3200 546 3255; x_wconf 56' lang='lat' dir='ltr'>credemibus</span> <span class='ocrx_word' id='word_1_438' title='bbox 568 3200 658 3271; x_wconf 59' lang='lat' dir='ltr'>grafia</span> <span class='ocrx_word' id='word_1_439' title='bbox 680 3200 716 3255; x_wconf 63' lang='lat' dir='ltr'>ad</span> <span class='ocrx_word' id='word_1_440' title='bbox 767 3184 869 3234; x_wconf 76' lang='lat' dir='ltr'>sionis3</span> <span class='ocrx_word' id='word_1_441' title='bbox 886 3184 1011 3240; x_wconf 81' lang='lat' dir='ltr'>rcqatem</span> <span class='ocrx_word' id='word_1_442' title='bbox 1030 3171 1211 3240; x_wconf 76' lang='lat' dir='ltr'>prestitisset</span> <span class='ocrx_word' id='word_1_443' title='bbox 1226 3184 1383 3240; x_wconf 83' lang='lat' dir='ltr'>nonquam,</span> <span class='ocrx_word' id='word_1_444' title='bbox 1395 3168 1422 3222; x_wconf 92' lang='lat' dir='ltr'>1d</span> <span class='ocrx_word' id='word_1_445' title='bbox 1436 3175 1477 3223; x_wconf 92' lang='lat' dir='ltr'>est</span> <span class='ocrx_word' id='word_1_446' title='bbox 1492 3168 1567 3225; x_wconf 88' lang='lat' dir='ltr'>nullo</span> 
     </span>
    </p>
   </div>
   <div class='ocr_carea' id='block_1_12' title="bbox 92 3255 1567 3448">
    <p class='ocr_par' dir='ltr' id='par_1_15' title="bbox 92 3255 1567 3448">
     <span class='ocr_line' id='line_1_38' title="bbox 92 3255 1567 3361; baseline -0.006 -18"><span class='ocrx_word' id='word_1_447' title='bbox 92 3302 150 3343; x_wconf 81' lang='lat' dir='ltr'>nam</span> <span class='ocrx_word' id='word_1_448' title='bbox 168 3288 228 3358; x_wconf 92' lang='lat' dir='ltr'>ipso</span> <span class='ocrx_word' id='word_1_449' title='bbox 251 3288 356 3343; x_wconf 88' lang='lat' dir='ltr'>Christo</span> <span class='ocrx_word' id='word_1_450' title='bbox 373 3296 506 3361; x_wconf 76' lang='lat' dir='ltr'>prasente</span> <span class='ocrx_word' id='word_1_451' title='bbox 524 3289 714 3359; x_wconf 90' lang='lat' dir='ltr'>corporaliter.</span> <span class='ocrx_word' id='word_1_452' title='bbox 767 3264 907 3327; x_wconf 51' lang='lat' dir='ltr'>t⁰¹¹¹p⁰r⁰3</span> <span class='ocrx_word' id='word_1_453' title='bbox 922 3256 1132 3358; x_wconf 43' lang='lat' dir='ltr'>WQffidffit</span> <span class='ocrx_word' id='word_1_454' title='bbox 1147 3255 1174 3309; x_wconf 64' lang='lat' dir='ltr'>in</span> <span class='ocrx_word' id='word_1_455' title='bbox 1189 3256 1312 3328; x_wconf 67' lang='lat' dir='ltr'><strong>⁸⁰q¹¹⁰mi</strong></span> <span class='ocrx_word' id='word_1_456' title='bbox 1323 3264 1456 3356; x_wconf 56' lang='lat' dir='ltr'>¹⁰¹¹{P0fei</span> <span class='ocrx_word' id='word_1_457' title='bbox 1474 3258 1567 3330; x_wconf 58' lang='lat' dir='ltr'>wine·</span> 
     </span>
     <span class='ocr_line' id='line_1_39' title="bbox 92 3345 1566 3448; baseline -0.002 -43"><span class='ocrx_word' id='word_1_458' title='bbox 92 3377 713 3448; x_wconf 38' lang='lat' dir='ltr'>mtpstdespdiaboqpquiesmusapeccmi·</span> <span class='ocrx_word' id='word_1_459' title='bbox 765 3345 1072 3412; x_wconf 82' lang='lat' dir='ltr'>retardcobadce,1d</span> <span class='ocrx_word' id='word_1_460' title='bbox 1087 3352 1127 3400; x_wconf 86' lang='lat' dir='ltr'>est</span> <span class='ocrx_word' id='word_1_461' title='bbox 1157 3354 1280 3416; x_wconf 90' lang='lat' dir='ltr'>tempore</span> <span class='ocrx_word' id='word_1_462' title='bbox 1309 3355 1412 3418; x_wconf 84' lang='lat' dir='ltr'>gratrae,</span> <span class='ocrx_word' id='word_1_463' title='bbox 1435 3347 1566 3418; x_wconf 90' lang='lat' dir='ltr'>quode-</span> 
     </span>
    </p>
   </div>
   <div class='ocr_carea' id='block_1_13' title="bbox 92 3433 1567 3626">
    <p class='ocr_par' dir='ltr' id='par_1_16' title="bbox 92 3433 1567 3626">
     <span class='ocr_line' id='line_1_40' title="bbox 92 3433 1561 3537; baseline -0.001 -16"><span class='ocrx_word' id='word_1_464' title='bbox 92 3467 382 3537; x_wconf 81' lang='lat' dir='ltr'>.—Prtrtieipesruint</span> <span class='ocrx_word' id='word_1_465' title='bbox 393 3467 506 3521; x_wconf 72' lang='lat' dir='ltr'>curisti.</span> <span class='ocrx_word' id='word_1_466' title='bbox 524 3466 636 3520; x_wconf 85' lang='lat' dir='ltr'>Debetis</span> <span class='ocrx_word' id='word_1_467' title='bbox 647 3467 715 3521; x_wconf 92' lang='lat' dir='ltr'>hor·</span> <span class='ocrx_word' id='word_1_468' title='bbox 766 3433 844 3532; x_wconf 36' lang='lat' dir='ltr'>hefft</span> <span class='ocrx_word' id='word_1_469' title='bbox 857 3434 924 3489; x_wconf 59' lang='lat' dir='ltr'><strong>dari·</strong></span> <span class='ocrx_word' id='word_1_470' title='bbox 945 3433 1011 3533; x_wconf 49' lang='grc' dir='ltr'>ω’</span> <span class='ocrx_word' id='word_1_471' title='bbox 1028 3451 1167 3505; x_wconf 68' lang='lat' dir='ltr'><strong>nunquam</strong></span> <span class='ocrx_word' id='word_1_472' title='bbox 1181 3442 1242 3505; x_wconf 58' lang='lat' dir='ltr'><strong>p⁰st</strong></span> <span class='ocrx_word' id='word_1_473' title='bbox 1256 3434 1425 3534; x_wconf 51' lang='grc' dir='ltr'>ῙΟἿΠΘῘΨΓ,</span> <span class='ocrx_word' id='word_1_474' title='bbox 1439 3436 1473 3491; x_wconf 65' lang='lat' dir='ltr'>de</span> <span class='ocrx_word' id='word_1_475' title='bbox 1488 3435 1561 3504; x_wconf 83' lang='lat' dir='ltr'>aba,</span> 
     </span>
     <span class='ocr_line' id='line_1_41' title="bbox 104 3523 1567 3626; baseline 0.003 -49"><span class='ocrx_word' id='word_1_476' title='bbox 104 3570 166 3610; x_wconf 51' lang='lat' dir='ltr'>esse</span> <span class='ocrx_word' id='word_1_477' title='bbox 181 3554 250 3615; x_wconf 42' lang='lat' dir='ltr'><strong>duri·</strong></span> <span class='ocrx_word' id='word_1_478' title='bbox 268 3555 331 3624; x_wconf 62' lang='lat' dir='ltr'>quia</span> <span class='ocrx_word' id='word_1_479' title='bbox 347 3555 419 3626; x_wconf 69' lang='lat' dir='ltr'>quod</span> <span class='ocrx_word' id='word_1_480' title='bbox 436 3570 489 3609; x_wconf 67' lang='lat' dir='ltr'>non</span> <span class='ocrx_word' id='word_1_481' title='bbox 504 3570 631 3622; x_wconf 32' lang='lat' dir='ltr'>eramus?</span> <span class='ocrx_word' id='word_1_482' title='bbox 652 3554 714 3610; x_wconf 54' lang='lat' dir='ltr'>saepi</span> <span class='ocrx_word' id='word_1_483' title='bbox 766 3523 870 3578; x_wconf 81' lang='lat' dir='ltr'>scilicet</span> <span class='ocrx_word' id='word_1_484' title='bbox 893 3539 1002 3595; x_wconf 85' lang='lat' dir='ltr'>requie,</span> <span class='ocrx_word' id='word_1_485' title='bbox 1018 3532 1116 3594; x_wconf 83' lang='lat' dir='ltr'>praeter</span> <span class='ocrx_word' id='word_1_486' title='bbox 1140 3531 1239 3578; x_wconf 89' lang='lat' dir='ltr'>terram</span> <span class='ocrx_word' id='word_1_487' title='bbox 1254 3539 1452 3595; x_wconf 83' lang='lat' dir='ltr'>pronnssronrs.</span> <span class='ocrx_word' id='word_1_488' title='bbox 1468 3525 1567 3582; x_wconf 87' lang='lat' dir='ltr'>Dicen-</span> 
     </span>
    </p>
   </div>
   <div class='ocr_carea' id='block_1_14' title="bbox 92 3610 1564 3717">
    <p class='ocr_par' dir='ltr' id='par_1_17' title="bbox 92 3610 1564 3717">
     <span class='ocr_line' id='line_1_42' title="bbox 92 3610 1564 3717; baseline 0.01 -60"><span class='ocrx_word' id='word_1_489' title='bbox 92 3643 211 3717; x_wconf 49' lang='lat' dir='ltr'><strong>mtiam,</strong></span> <span class='ocrx_word' id='word_1_490' title='bbox 228 3644 359 3697; x_wconf 45' lang='lat' dir='ltr'><strong>habentes</strong></span> <span class='ocrx_word' id='word_1_491' title='bbox 374 3652 478 3714; x_wconf 51' lang='lat' dir='ltr'>partem</span> <span class='ocrx_word' id='word_1_492' title='bbox 494 3643 672 3698; x_wconf 87' lang='lat' dir='ltr'>cumeristo</span> <span class='ocrx_word' id='word_1_493' title='bbox 687 3645 715 3698; x_wconf 65' lang='lat' dir='ltr'>in</span> <span class='ocrx_word' id='word_1_494' title='bbox 765 3612 810 3678; x_wconf 90' lang='lat' dir='ltr'>do,</span> <span class='ocrx_word' id='word_1_495' title='bbox 827 3612 879 3666; x_wconf 89' lang='lat' dir='ltr'>hac</span> <span class='ocrx_word' id='word_1_496' title='bbox 893 3611 937 3665; x_wconf 88' lang='lat' dir='ltr'>die</span> <span class='ocrx_word' id='word_1_497' title='bbox 958 3610 1031 3666; x_wconf 88' lang='lat' dir='ltr'>idem</span> <span class='ocrx_word' id='word_1_498' title='bbox 1046 3611 1103 3666; x_wconf 89' lang='lat' dir='ltr'>vult</span> <span class='ocrx_word' id='word_1_499' title='bbox 1113 3629 1184 3680; x_wconf 89' lang='lat' dir='ltr'>esse,</span> <span class='ocrx_word' id='word_1_500' title='bbox 1194 3611 1267 3684; x_wconf 91' lang='lat' dir='ltr'>quod</span> <span class='ocrx_word' id='word_1_501' title='bbox 1282 3611 1387 3668; x_wconf 82' lang='lat' dir='ltr'>dixerat</span> <span class='ocrx_word' id='word_1_502' title='bbox 1402 3629 1496 3684; x_wconf 86' lang='lat' dir='ltr'>supra,</span> <span class='ocrx_word' id='word_1_503' title='bbox 1518 3614 1564 3672; x_wconf 84' lang='lat' dir='ltr'>lto·</span> 
     </span>
    </p>
   </div>
   <div class='ocr_carea' id='block_1_15' title="bbox 91 3699 1567 4766">
    <p class='ocr_par' dir='ltr' id='par_1_18' title="bbox 91 3699 1567 4515">
     <span class='ocr_line' id='line_1_43' title="bbox 92 3699 886 3799; baseline 0.001 -12"><span class='ocrx_word' id='word_1_504' title='bbox 92 3732 166 3787; x_wconf 88' lang='lat' dir='ltr'>:hac</span> <span class='ocrx_word' id='word_1_505' title='bbox 180 3740 271 3786; x_wconf 88' lang='lat' dir='ltr'>tamen</span> <span class='ocrx_word' id='word_1_506' title='bbox 287 3732 451 3799; x_wconf 79' lang='lat' dir='ltr'>seruditione,</span> <span class='ocrx_word' id='word_1_507' title='bbox 464 3734 488 3787; x_wconf 82' lang='lat' dir='ltr'>si</span> <span class='ocrx_word' id='word_1_508' title='bbox 503 3734 622 3787; x_wconf 84' lang='lat' dir='ltr'>initiam</span> <span class='ocrx_word' id='word_1_509' title='bbox 637 3733 710 3788; x_wconf 82' lang='lat' dir='ltr'>subs·</span> <span class='ocrx_word' id='word_1_510' title='bbox 764 3699 818 3768; x_wconf 57' lang='lat' dir='ltr'>‘he’</span> <span class='ocrx_word' id='word_1_511' title='bbox 834 3707 886 3755; x_wconf 61' lang='lat'>‘³²⁰&#39;</span> 
     </span>
     <span class='ocr_line' id='line_1_44' title="bbox 112 3806 1565 3892; baseline 0.001 -16"><span class='ocrx_word' id='word_1_512' title='bbox 112 3828 154 3876; x_wconf 85' lang='lat' dir='ltr'>est</span> <span class='ocrx_word' id='word_1_513' title='bbox 169 3819 249 3886; x_wconf 84' lang='lat' dir='ltr'>fidei,</span> <span class='ocrx_word' id='word_1_514' title='bbox 266 3838 326 3891; x_wconf 66' lang='lat' dir='ltr'>quar</span> <span class='ocrx_word' id='word_1_515' title='bbox 342 3829 381 3875; x_wconf 90' lang='lat' dir='ltr'>esl</span> <span class='ocrx_word' id='word_1_516' title='bbox 397 3822 502 3875; x_wconf 83' lang='lat' dir='ltr'>initium</span> <span class='ocrx_word' id='word_1_517' title='bbox 518 3822 651 3877; x_wconf 91' lang='lat' dir='ltr'>bonorum</span> <span class='ocrx_word' id='word_1_518' title='bbox 664 3838 715 3892; x_wconf 90' lang='lat' dir='ltr'>per</span> <span class='ocrx_word' id='word_1_519' title='bbox 800 3806 885 3860; x_wconf 68' lang='lat' dir='ltr'>VERS·</span> <span class='ocrx_word' id='word_1_520' title='bbox 909 3807 935 3860; x_wconf 82' lang='lat'>9·</span> <span class='ocrx_word' id='word_1_521' title='bbox 959 3835 995 3845; x_wconf 86' lang='lat'><em>·</em></span> <span class='ocrx_word' id='word_1_522' title='bbox 1020 3806 1229 3873; x_wconf 58' lang='lat' dir='ltr'>Sabbstll&#39;lmwl</span> <span class='ocrx_word' id='word_1_523' title='bbox 1243 3806 1272 3859; x_wconf 67' lang='lat' dir='ltr'>id</span> <span class='ocrx_word' id='word_1_524' title='bbox 1293 3813 1344 3872; x_wconf 64' lang='lat' dir='ltr'>esi,</span> <span class='ocrx_word' id='word_1_525' title='bbox 1367 3822 1431 3861; x_wconf 62' lang='lat' dir='ltr'>Vela</span> <span class='ocrx_word' id='word_1_526' title='bbox 1455 3808 1565 3878; x_wconf 61' lang='lat' dir='ltr'>millies</span> 
     </span>
     <span class='ocr_line' id='line_1_45' title="bbox 98 3894 1567 3982; baseline 0.002 -17"><span class='ocrx_word' id='word_1_527' title='bbox 98 3910 199 3973; x_wconf 80' lang='lat' dir='ltr'>existit,</span> <span class='ocrx_word' id='word_1_528' title='bbox 215 3910 712 3982; x_wconf 71' lang='lat' dir='ltr'>innobisetperquamdeilicamur,</span> <span class='ocrx_word' id='word_1_529' title='bbox 765 3894 917 3967; x_wconf 63' lang='lat' dir='ltr'><strong>Signififflffl</strong></span> <span class='ocrx_word' id='word_1_530' title='bbox 936 3911 987 3966; x_wconf 68' lang='lat' dir='ltr'><em>W</em></span> <span class='ocrx_word' id='word_1_531' title='bbox 1009 3896 1149 3950; x_wconf 58' lang='lat' dir='ltr'>sabbatum</span> <span class='ocrx_word' id='word_1_532' title='bbox 1175 3895 1214 3967; x_wconf 65' lang='lat' dir='ltr'>(id</span> <span class='ocrx_word' id='word_1_533' title='bbox 1229 3903 1280 3962; x_wconf 59' lang='lat'>0⁵2·</span> <span class='ocrx_word' id='word_1_534' title='bbox 1306 3895 1394 3967; x_wconf 69' lang='lat' dir='ltr'>[³¹⁰⁰ae</span> <span class='ocrx_word' id='word_1_535' title='bbox 1412 3896 1510 3967; x_wconf 61' lang='lat' dir='ltr'>quietis</span> <span class='ocrx_word' id='word_1_536' title='bbox 1526 3895 1567 3952; x_wconf 68' lang='lat' dir='ltr'>se‘</span> 
     </span>
     <span class='ocr_line' id='line_1_46' title="bbox 92 3983 1565 4073; baseline -0.01 -18"><span class='ocrx_word' id='word_1_537' title='bbox 92 3998 229 4055; x_wconf 80' lang='lat' dir='ltr'>rbstantia</span> <span class='ocrx_word' id='word_1_538' title='bbox 243 3999 445 4070; x_wconf 88' lang='lat' dir='ltr'>participamus,</span> <span class='ocrx_word' id='word_1_539' title='bbox 458 4018 545 4073; x_wconf 82' lang='lat' dir='ltr'>osque</span> <span class='ocrx_word' id='word_1_540' title='bbox 559 4001 595 4056; x_wconf 77' lang='lat' dir='ltr'>ael</span> <span class='ocrx_word' id='word_1_541' title='bbox 615 4001 712 4072; x_wconf 75' lang='lat' dir='ltr'>fiuent,</span> <span class='ocrx_word' id='word_1_542' title='bbox 765 3983 834 4039; x_wconf 92' lang='lat' dir='ltr'>riata</span> <span class='ocrx_word' id='word_1_543' title='bbox 851 3983 1019 4053; x_wconf 79' lang='lat' dir='ltr'>jncunditas)</span> <span class='ocrx_word' id='word_1_544' title='bbox 1035 4000 1088 4056; x_wconf 92' lang='lat' dir='ltr'>quo</span> <span class='ocrx_word' id='word_1_545' title='bbox 1112 3985 1244 4039; x_wconf 90' lang='lat' dir='ltr'>Dominus</span> <span class='ocrx_word' id='word_1_546' title='bbox 1263 3984 1398 4056; x_wconf 87' lang='lat' dir='ltr'>requievit</span> <span class='ocrx_word' id='word_1_547' title='bbox 1418 3993 1445 4040; x_wconf 90' lang='lat' dir='ltr'>et</span> <span class='ocrx_word' id='word_1_548' title='bbox 1460 3985 1488 4039; x_wconf 92' lang='lat' dir='ltr'>in</span> <span class='ocrx_word' id='word_1_549' title='bbox 1502 3985 1565 4058; x_wconf 84' lang='lat' dir='ltr'>lege</span> 
     </span>
     <span class='ocr_line' id='line_1_47' title="bbox 92 4071 1565 4145; baseline 0.003 -20"><span class='ocrx_word' id='word_1_550' title='bbox 92 4087 233 4145; x_wconf 50' lang='lat' dir='ltr'>imma,</span> <span class='ocrx_word' id='word_1_551' title='bbox 764 4072 969 4127; x_wconf 88' lang='lat' dir='ltr'>observabatur.</span> <span class='ocrx_word' id='word_1_552' title='bbox 987 4073 1062 4129; x_wconf 88' lang='lat' dir='ltr'>Tunc</span> <span class='ocrx_word' id='word_1_553' title='bbox 1077 4072 1149 4127; x_wconf 91' lang='lat' dir='ltr'>euim</span> <span class='ocrx_word' id='word_1_554' title='bbox 1164 4071 1283 4144; x_wconf 83' lang='lat' dir='ltr'>perfecte</span> <span class='ocrx_word' id='word_1_555' title='bbox 1298 4073 1463 4140; x_wconf 88' lang='lat' dir='ltr'>vacabimus,</span> <span class='ocrx_word' id='word_1_556' title='bbox 1476 4074 1565 4145; x_wconf 81' lang='lat' dir='ltr'>gratia</span> 
     </span>
     <span class='ocr_line' id='line_1_48' title="bbox 91 4160 1565 4246; baseline 0.004 -33"><span class='ocrx_word' id='word_1_557' title='bbox 91 4205 147 4231; x_wconf 90' lang='lat'>.-</span> <span class='ocrx_word' id='word_1_558' title='bbox 164 4176 282 4246; x_wconf 60' lang='lat' dir='ltr'><em>Quidam</em></span> <span class='ocrx_word' id='word_1_559' title='bbox 304 4179 381 4232; x_wconf 63' lang='lat' dir='ltr'>,nim</span> <span class='ocrx_word' id='word_1_560' title='bbox 395 4178 552 4234; x_wconf 50' lang='lat' dir='ltr'>audiente„</span> <span class='ocrx_word' id='word_1_561' title='bbox 579 4179 637 4233; x_wconf 91' lang='lat' dir='ltr'>Hoc</span> <span class='ocrx_word' id='word_1_562' title='bbox 651 4178 713 4233; x_wconf 64' lang='lat' dir='ltr'><strong>ideo</strong></span> <span class='ocrx_word' id='word_1_563' title='bbox 764 4161 867 4230; x_wconf 71' lang='lat' dir='ltr'>majore</span> <span class='ocrx_word' id='word_1_564' title='bbox 881 4160 986 4221; x_wconf 82' lang='lat' dir='ltr'>reiecti.</span> <span class='ocrx_word' id='word_1_565' title='bbox 1004 4169 1030 4217; x_wconf 90' lang='lat' dir='ltr'>et</span> <span class='ocrx_word' id='word_1_566' title='bbox 1057 4163 1115 4217; x_wconf 89' lang='lat' dir='ltr'>Deo</span> <span class='ocrx_word' id='word_1_567' title='bbox 1130 4163 1213 4232; x_wconf 91' lang='lat' dir='ltr'>pleni.</span> <span class='ocrx_word' id='word_1_568' title='bbox 1238 4163 1273 4216; x_wconf 86' lang='lat' dir='ltr'>Et</span> <span class='ocrx_word' id='word_1_569' title='bbox 1296 4162 1414 4217; x_wconf 90' lang='lat' dir='ltr'>sciemus</span> <span class='ocrx_word' id='word_1_570' title='bbox 1432 4162 1565 4233; x_wconf 84' lang='lat' dir='ltr'>perlecto,</span> 
     </span>
     <span class='ocr_line' id='line_1_49' title="bbox 92 4249 1564 4339; baseline 0.005 -40"><span class='ocrx_word' id='word_1_571' title='bbox 92 4264 280 4337; x_wconf 52' lang='lat' dir='ltr'>ispupepsaij</span> <span class='ocrx_word' id='word_1_572' title='bbox 295 4283 356 4321; x_wconf 48' lang='grc' dir='ltr'>Μ,</span> <span class='ocrx_word' id='word_1_573' title='bbox 371 4266 466 4321; x_wconf 59' lang='lat' dir='ltr'>audire</span> <span class='ocrx_word' id='word_1_574' title='bbox 479 4266 513 4321; x_wconf 53' lang='lat' dir='ltr'>df,</span> <span class='ocrx_word' id='word_1_575' title='bbox 530 4267 638 4337; x_wconf 50' lang='lat' dir='ltr'>requie,</span> <span class='ocrx_word' id='word_1_576' title='bbox 651 4267 713 4339; x_wconf 62' lang='lat' dir='ltr'>quia</span> <span class='ocrx_word' id='word_1_577' title='bbox 764 4250 829 4320; x_wconf 89' lang='lat' dir='ltr'>quia</span> <span class='ocrx_word' id='word_1_578' title='bbox 847 4250 907 4320; x_wconf 88' lang='lat' dir='ltr'>ipse</span> <span class='ocrx_word' id='word_1_579' title='bbox 936 4256 978 4305; x_wconf 89' lang='lat' dir='ltr'>est</span> <span class='ocrx_word' id='word_1_580' title='bbox 1000 4250 1083 4305; x_wconf 87' lang='lat' dir='ltr'>Deus.</span> <span class='ocrx_word' id='word_1_581' title='bbox 1108 4250 1147 4304; x_wconf 92' lang='lat' dir='ltr'>lbi</span> <span class='ocrx_word' id='word_1_582' title='bbox 1163 4249 1331 4317; x_wconf 89' lang='lat' dir='ltr'>vacabimus,</span> <span class='ocrx_word' id='word_1_583' title='bbox 1349 4251 1510 4318; x_wconf 85' lang='lat' dir='ltr'>videbimus,</span> <span class='ocrx_word' id='word_1_584' title='bbox 1535 4259 1564 4307; x_wconf 84' lang='lat' dir='ltr'>et</span> 
     </span>
     <span class='ocr_line' id='line_1_50' title="bbox 92 4338 1563 4424; baseline 0.004 -34"><span class='ocrx_word' id='word_1_585' title='bbox 92 4354 276 4421; x_wconf 49' lang='lat' dir='ltr'>mdiorum,</span> <span class='ocrx_word' id='word_1_586' title='bbox 294 4355 342 4410; x_wconf 61' lang='lat' dir='ltr'>,ed</span> <span class='ocrx_word' id='word_1_587' title='bbox 356 4355 419 4410; x_wconf 58' lang='grc' dir='ltr'><strong>Μ</strong></span> <span class='ocrx_word' id='word_1_588' title='bbox 443 4371 538 4411; x_wconf 58' lang='lat' dir='ltr'><strong>omnes</strong></span> <span class='ocrx_word' id='word_1_589' title='bbox 556 4355 710 4424; x_wconf 54' lang='lat' dir='ltr'>audierunt,</span> <span class='ocrx_word' id='word_1_590' title='bbox 764 4338 924 4393; x_wconf 86' lang='lat' dir='ltr'>amabimus.</span> <span class='ocrx_word' id='word_1_591' title='bbox 952 4339 1112 4394; x_wconf 72' lang='lat' dir='ltr'>amabimus</span> <span class='ocrx_word' id='word_1_592' title='bbox 1135 4347 1162 4394; x_wconf 91' lang='lat' dir='ltr'>et</span> <span class='ocrx_word' id='word_1_593' title='bbox 1188 4339 1381 4394; x_wconf 88' lang='lat' dir='ltr'>laudabimus:</span> <span class='ocrx_word' id='word_1_594' title='bbox 1411 4355 1475 4396; x_wconf 89' lang='lat' dir='ltr'>ecce</span> <span class='ocrx_word' id='word_1_595' title='bbox 1496 4340 1563 4412; x_wconf 90' lang='lat' dir='ltr'>quid</span> 
     </span>
     <span class='ocr_line' id='line_1_51' title="bbox 92 4425 1561 4515; baseline 0.004 -37"><span class='ocrx_word' id='word_1_596' title='bbox 92 4458 139 4501; x_wconf 57' lang='grc' dir='ltr'>ω</span> <span class='ocrx_word' id='word_1_597' title='bbox 149 4452 342 4515; x_wconf 46' lang='lat' dir='ltr'>pervenerunt·</span> <span class='ocrx_word' id='word_1_598' title='bbox 711 4438 737 4497; x_wconf 88' lang='lat'>1]</span> <span class='ocrx_word' id='word_1_599' title='bbox 763 4427 815 4481; x_wconf 89' lang='lat' dir='ltr'>erit</span> <span class='ocrx_word' id='word_1_600' title='bbox 830 4427 858 4480; x_wconf 90' lang='lat' dir='ltr'>iu</span> <span class='ocrx_word' id='word_1_601' title='bbox 872 4425 926 4482; x_wconf 82' lang='lat' dir='ltr'>stne</span> <span class='ocrx_word' id='word_1_602' title='bbox 937 4427 996 4483; x_wconf 91' lang='lat' dir='ltr'>siue</span> <span class='ocrx_word' id='word_1_603' title='bbox 1010 4427 1073 4484; x_wconf 87' lang='lat' dir='ltr'>liue.</span> <span class='ocrx_word' id='word_1_604' title='bbox 1090 4429 1158 4482; x_wconf 79' lang='lat' dir='ltr'>Nam</span> <span class='ocrx_word' id='word_1_605' title='bbox 1174 4428 1234 4499; x_wconf 91' lang='lat' dir='ltr'>quis</span> <span class='ocrx_word' id='word_1_606' title='bbox 1249 4428 1318 4482; x_wconf 88' lang='lat' dir='ltr'>nlius</span> <span class='ocrx_word' id='word_1_607' title='bbox 1334 4436 1426 4483; x_wconf 89' lang='lat' dir='ltr'>noster</span> <span class='ocrx_word' id='word_1_608' title='bbox 1439 4427 1561 4497; x_wconf 85' lang='lat' dir='ltr'>estfiuis,</span> 
     </span>
    </p>

    <p class='ocr_par' dir='ltr' id='par_1_19' title="bbox 763 4515 1512 4588">
     <span class='ocr_line' id='line_1_52' title="bbox 763 4515 1512 4588; baseline 0.007 -18"><span class='ocrx_word' id='word_1_609' title='bbox 763 4515 816 4570; x_wconf 89' lang='lat' dir='ltr'>uisi</span> <span class='ocrx_word' id='word_1_610' title='bbox 833 4516 974 4587; x_wconf 88' lang='lat' dir='ltr'>pervenire</span> <span class='ocrx_word' id='word_1_611' title='bbox 993 4516 1029 4571; x_wconf 87' lang='lat' dir='ltr'>ad</span> <span class='ocrx_word' id='word_1_612' title='bbox 1056 4534 1181 4588; x_wconf 82' lang='lat' dir='ltr'>regnum,</span> <span class='ocrx_word' id='word_1_613' title='bbox 1208 4517 1285 4586; x_wconf 88' lang='lat' dir='ltr'>cujus</span> <span class='ocrx_word' id='word_1_614' title='bbox 1301 4533 1357 4572; x_wconf 93' lang='lat' dir='ltr'>non</span> <span class='ocrx_word' id='word_1_615' title='bbox 1372 4523 1413 4572; x_wconf 87' lang='lat' dir='ltr'>est</span> <span class='ocrx_word' id='word_1_616' title='bbox 1427 4517 1512 4575; x_wconf 75' lang='lat' dir='ltr'>linis?</span> 
     </span>
    </p>

    <p class='ocr_par' dir='ltr' id='par_1_20' title="bbox 217 4602 1565 4766">
     <span class='ocr_line' id='line_1_53' title="bbox 217 4602 1565 4679; baseline 0.004 -20"><span class='ocrx_word' id='word_1_617' title='bbox 217 4602 337 4660; x_wconf 73' lang='lat' dir='ltr'>CAPUT.</span> <span class='ocrx_word' id='word_1_618' title='bbox 354 4605 399 4659; x_wconf 82' lang='lat' dir='ltr'>lv.</span> <span class='ocrx_word' id='word_1_619' title='bbox 799 4606 885 4661; x_wconf 80' lang='lat' dir='ltr'>Vsus.</span> <span class='ocrx_word' id='word_1_620' title='bbox 904 4609 946 4660; x_wconf 86' lang='lat' dir='ltr'>ll.</span> <span class='ocrx_word' id='word_1_621' title='bbox 962 4636 997 4645; x_wconf 88' lang='lat'><em>—</em></span> <span class='ocrx_word' id='word_1_622' title='bbox 1012 4607 1045 4660; x_wconf 87' lang='lat' dir='ltr'>In</span> <span class='ocrx_word' id='word_1_623' title='bbox 1056 4607 1179 4678; x_wconf 82' lang='lat' dir='ltr'>idipsum</span> <span class='ocrx_word' id='word_1_624' title='bbox 1196 4607 1369 4677; x_wconf 70' lang='lat' dir='ltr'>eeeinptum.</span> <span class='ocrx_word' id='word_1_625' title='bbox 1389 4607 1446 4673; x_wconf 86' lang='lat' dir='ltr'>Vel,</span> <span class='ocrx_word' id='word_1_626' title='bbox 1463 4607 1491 4661; x_wconf 93' lang='lat' dir='ltr'>iu</span> <span class='ocrx_word' id='word_1_627' title='bbox 1502 4624 1565 4679; x_wconf 85' lang='lat' dir='ltr'>poe-</span> 
     </span>
     <span class='ocr_line' id='line_1_54' title="bbox 763 4694 1565 4766; baseline 0.005 -16"><span class='ocrx_word' id='word_1_628' title='bbox 763 4709 827 4750; x_wconf 88' lang='lat' dir='ltr'>nam</span> <span class='ocrx_word' id='word_1_629' title='bbox 838 4695 945 4766; x_wconf 76' lang='lat' dir='ltr'>‹prralem</span> <span class='ocrx_word' id='word_1_630' title='bbox 956 4695 994 4750; x_wconf 92' lang='lat' dir='ltr'>illi</span> <span class='ocrx_word' id='word_1_631' title='bbox 1004 4710 1052 4766; x_wconf 92' lang='lat' dir='ltr'>per</span> <span class='ocrx_word' id='word_1_632' title='bbox 1060 4694 1274 4749; x_wconf 86' lang='lat' dir='ltr'>incredulitatem</span> <span class='ocrx_word' id='word_1_633' title='bbox 1283 4695 1450 4762; x_wconf 72' lang='lat' dir='ltr'>babuerunt,</span> <span class='ocrx_word' id='word_1_634' title='bbox 1468 4714 1565 4754; x_wconf 76' lang='lat' dir='ltr'>eaeru-</span> 
     </span>
    </p>
   </div>
   <div class='ocr_carea' id='block_1_16' title="bbox 761 4784 1564 4925">
    <p class='ocr_par' dir='ltr' id='par_1_21' title="bbox 761 4784 1564 4925">
     <span class='ocr_line' id='line_1_55' title="bbox 761 4784 1564 4857; baseline 0.006 -18"><span class='ocrx_word' id='word_1_635' title='bbox 761 4785 843 4857; x_wconf 81' lang='lat' dir='ltr'>plum</span> <span class='ocrx_word' id='word_1_636' title='bbox 863 4784 928 4840; x_wconf 88' lang='lat' dir='ltr'>dicit</span> <span class='ocrx_word' id='word_1_637' title='bbox 942 4792 970 4838; x_wconf 87' lang='lat' dir='ltr'>ul</span> <span class='ocrx_word' id='word_1_638' title='bbox 992 4791 1113 4838; x_wconf 90' lang='lat' dir='ltr'>mentem</span> <span class='ocrx_word' id='word_1_639' title='bbox 1136 4792 1256 4839; x_wconf 91' lang='lat' dir='ltr'>nostram</span> <span class='ocrx_word' id='word_1_640' title='bbox 1279 4785 1428 4840; x_wconf 90' lang='lat' dir='ltr'>habeamus</span> <span class='ocrx_word' id='word_1_641' title='bbox 1447 4786 1511 4854; x_wconf 89' lang='lat' dir='ltr'>illic,</span> <span class='ocrx_word' id='word_1_642' title='bbox 1528 4803 1564 4844; x_wconf 89' lang='lat' dir='ltr'>ne</span> 
     </span>
     <span class='ocr_line' id='line_1_56' title="bbox 764 4867 1067 4925; baseline 0 -2"><span class='ocrx_word' id='word_1_643' title='bbox 764 4868 886 4923; x_wconf 88' lang='lat' dir='ltr'>similiter</span> <span class='ocrx_word' id='word_1_644' title='bbox 900 4867 1067 4925; x_wconf 86' lang='lat' dir='ltr'>excidamus.</span> 
     </span>
    </p>
   </div>
   <div class='ocr_carea' id='block_1_17' title="bbox 762 4973 1567 5391">
    <p class='ocr_par' dir='ltr' id='par_1_22' title="bbox 762 4973 1567 5391">
     <span class='ocr_line' id='line_1_57' title="bbox 799 4973 1565 5046; baseline 0.005 -16"><span class='ocrx_word' id='word_1_645' title='bbox 799 4975 874 5030; x_wconf 78' lang='lat' dir='ltr'>Vens</span> <span class='ocrx_word' id='word_1_646' title='bbox 891 4977 933 5033; x_wconf 76' lang='lat'>12.</span> <span class='ocrx_word' id='word_1_647' title='bbox 949 5005 984 5015; x_wconf 95' lang='lat'>-</span> <span class='ocrx_word' id='word_1_648' title='bbox 1003 4976 1100 5031; x_wconf 84' lang='lat' dir='ltr'>Sermo</span> <span class='ocrx_word' id='word_1_649' title='bbox 1115 4974 1173 5029; x_wconf 83' lang='lat' dir='ltr'>Dei.</span> <span class='ocrx_word' id='word_1_650' title='bbox 1200 4973 1252 5042; x_wconf 88' lang='lat' dir='ltr'>Qui</span> <span class='ocrx_word' id='word_1_651' title='bbox 1267 4990 1284 5029; x_wconf 91' lang='lat' dir='ltr'>a</span> <span class='ocrx_word' id='word_1_652' title='bbox 1301 4976 1438 5046; x_wconf 80' lang='lat' dir='ltr'>regabilus</span> <span class='ocrx_word' id='word_1_653' title='bbox 1454 4977 1565 5035; x_wconf 87' lang='lat' dir='ltr'>sedibus</span> 
     </span>
     <span class='ocr_line' id='line_1_58' title="bbox 763 5062 1567 5137; baseline 0.005 -18"><span class='ocrx_word' id='word_1_654' title='bbox 763 5064 845 5119; x_wconf 86' lang='lat' dir='ltr'>venit.</span> <span class='ocrx_word' id='word_1_655' title='bbox 868 5065 959 5120; x_wconf 75' lang='lat' dir='ltr'>Vivus.</span> <span class='ocrx_word' id='word_1_656' title='bbox 977 5062 1064 5132; x_wconf 84' lang='lat' dir='ltr'>Quem</span> <span class='ocrx_word' id='word_1_657' title='bbox 1088 5062 1213 5118; x_wconf 83' lang='lat' dir='ltr'>infideles</span> <span class='ocrx_word' id='word_1_658' title='bbox 1235 5072 1368 5118; x_wconf 89' lang='lat' dir='ltr'>mortuum</span> <span class='ocrx_word' id='word_1_659' title='bbox 1381 5074 1487 5137; x_wconf 88' lang='lat' dir='ltr'>putant.</span> <span class='ocrx_word' id='word_1_660' title='bbox 1499 5070 1567 5125; x_wconf 85' lang='lat' dir='ltr'>Per·</span> 
     </span>
     <span class='ocr_line' id='line_1_59' title="bbox 764 5152 1566 5227; baseline 0.007 -20"><span class='ocrx_word' id='word_1_661' title='bbox 764 5155 886 5225; x_wconf 78' lang='lat' dir='ltr'>tinqens.</span> <span class='ocrx_word' id='word_1_662' title='bbox 904 5154 969 5208; x_wconf 90' lang='lat' dir='ltr'>Tota</span> <span class='ocrx_word' id='word_1_663' title='bbox 983 5152 1200 5208; x_wconf 88' lang='lat' dir='ltr'>consideratione</span> <span class='ocrx_word' id='word_1_664' title='bbox 1224 5153 1388 5223; x_wconf 85' lang='lat' dir='ltr'>perveniens</span> <span class='ocrx_word' id='word_1_665' title='bbox 1404 5157 1440 5210; x_wconf 93' lang='lat' dir='ltr'>ad</span> <span class='ocrx_word' id='word_1_666' title='bbox 1455 5173 1566 5227; x_wconf 89' lang='lat' dir='ltr'>separa·</span> 
     </span>
     <span class='ocr_line' id='line_1_60' title="bbox 762 5240 1567 5315; baseline 0.006 -20"><span class='ocrx_word' id='word_1_667' title='bbox 762 5241 863 5297; x_wconf 91' lang='lat' dir='ltr'>tionem</span> <span class='ocrx_word' id='word_1_668' title='bbox 878 5241 983 5310; x_wconf 72' lang='lat' dir='ltr'>anima,</span> <span class='ocrx_word' id='word_1_669' title='bbox 1003 5240 1029 5296; x_wconf 91' lang='lat' dir='ltr'>id</span> <span class='ocrx_word' id='word_1_670' title='bbox 1045 5251 1086 5296; x_wconf 90' lang='lat' dir='ltr'>est</span> <span class='ocrx_word' id='word_1_671' title='bbox 1101 5242 1293 5310; x_wconf 87' lang='lat' dir='ltr'>sensualitatis,</span> <span class='ocrx_word' id='word_1_672' title='bbox 1313 5252 1339 5298; x_wconf 91' lang='lat' dir='ltr'>et</span> <span class='ocrx_word' id='word_1_673' title='bbox 1353 5244 1475 5315; x_wconf 89' lang='lat' dir='ltr'>spiritus,</span> <span class='ocrx_word' id='word_1_674' title='bbox 1487 5247 1567 5302; x_wconf 89' lang='lat' dir='ltr'>idest</span> 
     </span>
     <span class='ocr_line' id='line_1_61' title="bbox 762 5330 1564 5391; baseline 0.006 -6"><span class='ocrx_word' id='word_1_675' title='bbox 762 5330 883 5386; x_wconf 88' lang='lat' dir='ltr'>rationis.</span> <span class='ocrx_word' id='word_1_676' title='bbox 908 5333 1080 5388; x_wconf 74' lang='lat' dir='ltr'>diuisionem</span> <span class='ocrx_word' id='word_1_677' title='bbox 1103 5334 1216 5388; x_wconf 70' lang='lat' dir='ltr'>cirinum</span> <span class='ocrx_word' id='word_1_678' title='bbox 1242 5333 1343 5388; x_wconf 79' lang='lat' dir='ltr'>Anima</span> <span class='ocrx_word' id='word_1_679' title='bbox 1366 5334 1483 5389; x_wconf 83' lang='lat' dir='ltr'>vivimus</span> <span class='ocrx_word' id='word_1_680' title='bbox 1502 5351 1564 5391; x_wconf 89' lang='lat' dir='ltr'>curn</span> 
     </span>
    </p>
   </div>
   <div class='ocr_carea' id='block_1_18' title="bbox 92 4745 716 5184">
    <p class='ocr_par' dir='ltr' id='par_1_23' title="bbox 92 4745 716 5184">
     <span class='ocr_line' id='line_1_62' title="bbox 96 4745 714 4819; baseline -0.006 -14"><span class='ocrx_word' id='word_1_681' title='bbox 96 4748 203 4804; x_wconf 83' lang='lat' dir='ltr'>-Non</span> <span class='ocrx_word' id='word_1_682' title='bbox 225 4749 351 4819; x_wconf 68' lang='lat' dir='ltr'>profuit,</span> <span class='ocrx_word' id='word_1_683' title='bbox 377 4755 429 4802; x_wconf 88' lang='lat' dir='ltr'>etc.</span> <span class='ocrx_word' id='word_1_684' title='bbox 457 4746 572 4817; x_wconf 82' lang='lat' dir='ltr'>Egressi</span> <span class='ocrx_word' id='word_1_685' title='bbox 592 4745 665 4801; x_wconf 91' lang='lat' dir='ltr'>enim</span> <span class='ocrx_word' id='word_1_686' title='bbox 680 4745 714 4801; x_wconf 91' lang='lat' dir='ltr'>de</span> 
     </span>
     <span class='ocr_line' id='line_1_63' title="bbox 92 4836 715 4907; baseline -0.003 -14"><span class='ocrx_word' id='word_1_687' title='bbox 92 4852 132 4893; x_wconf 79' lang='lat' dir='ltr'>arn</span> <span class='ocrx_word' id='word_1_688' title='bbox 167 4836 281 4892; x_wconf 90' lang='lat' dir='ltr'>multam</span> <span class='ocrx_word' id='word_1_689' title='bbox 315 4836 386 4891; x_wconf 83' lang='lat' dir='ltr'>viam</span> <span class='ocrx_word' id='word_1_690' title='bbox 415 4836 715 4907; x_wconf 89' lang='lat' dir='ltr'>perambulassenl,et</span> 
     </span>
     <span class='ocr_line' id='line_1_64' title="bbox 92 4932 714 5005; baseline -0.003 -16"><span class='ocrx_word' id='word_1_691' title='bbox 92 4948 114 4989; x_wconf 71' lang='lat' dir='ltr'>a</span> <span class='ocrx_word' id='word_1_692' title='bbox 127 4932 230 4989; x_wconf 80' lang='lat' dir='ltr'>vinulis</span> <span class='ocrx_word' id='word_1_693' title='bbox 246 4932 295 4987; x_wconf 90' lang='lat' dir='ltr'>Dei</span> <span class='ocrx_word' id='word_1_694' title='bbox 320 4933 491 5003; x_wconf 86' lang='lat' dir='ltr'>accepissent</span> <span class='ocrx_word' id='word_1_695' title='bbox 506 4933 533 4987; x_wconf 95' lang='lat' dir='ltr'>in</span> <span class='ocrx_word' id='word_1_696' title='bbox 543 4934 669 5005; x_wconf 81' lang='lat' dir='ltr'>AEgypto,</span> <span class='ocrx_word' id='word_1_697' title='bbox 685 4932 714 4987; x_wconf 91' lang='lat' dir='ltr'>iu</span> 
     </span>
     <span class='ocr_line' id='line_1_65' title="bbox 92 5021 716 5089; baseline 0.008 -16"><span class='ocrx_word' id='word_1_698' title='bbox 92 5043 114 5089; x_wconf 75' lang='grc' dir='ltr'>ι,</span> <span class='ocrx_word' id='word_1_699' title='bbox 129 5021 158 5077; x_wconf 91' lang='lat' dir='ltr'>in</span> <span class='ocrx_word' id='word_1_700' title='bbox 173 5038 282 5084; x_wconf 83' lang='lat' dir='ltr'>eremo.</span> <span class='ocrx_word' id='word_1_701' title='bbox 301 5023 449 5077; x_wconf 85' lang='lat' dir='ltr'>consilium</span> <span class='ocrx_word' id='word_1_702' title='bbox 459 5022 585 5078; x_wconf 88' lang='lat' dir='ltr'>lecerunt</span> <span class='ocrx_word' id='word_1_703' title='bbox 609 5023 716 5078; x_wconf 89' lang='lat' dir='ltr'>mittere</span> 
     </span>
     <span class='ocr_line' id='line_1_66' title="bbox 92 5111 711 5184; baseline -0.002 -17"><span class='ocrx_word' id='word_1_704' title='bbox 92 5128 105 5167; x_wconf 82' lang='lat' dir='ltr'>a</span> <span class='ocrx_word' id='word_1_705' title='bbox 118 5111 165 5184; x_wconf 93' lang='lat' dir='ltr'>qui</span> <span class='ocrx_word' id='word_1_706' title='bbox 179 5112 310 5167; x_wconf 87' lang='lat' dir='ltr'>deberent</span> <span class='ocrx_word' id='word_1_707' title='bbox 331 5112 466 5182; x_wconf 89' lang='lat' dir='ltr'>inspicere</span> <span class='ocrx_word' id='word_1_708' title='bbox 482 5120 605 5167; x_wconf 87' lang='lat' dir='ltr'>natararu</span> <span class='ocrx_word' id='word_1_709' title='bbox 621 5121 711 5168; x_wconf 76' lang='lat' dir='ltr'>terrae.</span> 
     </span>
    </p>
   </div>
   <div class='ocr_carea' id='block_1_19' title="bbox 92 5210 713 5381">
    <p class='ocr_par' dir='ltr' id='par_1_24' title="bbox 92 5210 713 5381">
     <span class='ocr_line' id='line_1_67' title="bbox 92 5210 713 5281; baseline -0.005 -13"><span class='ocrx_word' id='word_1_710' title='bbox 92 5213 170 5268; x_wconf 80' lang='lat' dir='ltr'>rant.</span> <span class='ocrx_word' id='word_1_711' title='bbox 197 5210 442 5281; x_wconf 80' lang='lat' dir='ltr'>Exploratoribus;</span> <span class='ocrx_word' id='word_1_712' title='bbox 458 5210 503 5281; x_wconf 92' lang='lat' dir='ltr'>qui</span> <span class='ocrx_word' id='word_1_713' title='bbox 523 5210 596 5265; x_wconf 93' lang='lat' dir='ltr'>mala</span> <span class='ocrx_word' id='word_1_714' title='bbox 611 5210 713 5265; x_wconf 90' lang='lat' dir='ltr'>retule-</span> 
     </span>
     <span class='ocr_line' id='line_1_68' title="bbox 92 5307 713 5381; baseline -0.002 -18"><span class='ocrx_word' id='word_1_715' title='bbox 92 5307 267 5375; x_wconf 86' lang='lat' dir='ltr'>rediderunt‚·</span> <span class='ocrx_word' id='word_1_716' title='bbox 282 5307 376 5363; x_wconf 86' lang='lat' dir='ltr'>velita</span> <span class='ocrx_word' id='word_1_717' title='bbox 396 5308 542 5381; x_wconf 84' lang='lat' dir='ltr'>distingue,</span> <span class='ocrx_word' id='word_1_718' title='bbox 558 5309 625 5377; x_wconf 74' lang='lat' dir='ltr'>fidei</span> <span class='ocrx_word' id='word_1_719' title='bbox 639 5324 713 5363; x_wconf 89' lang='lat' dir='ltr'>surn-</span> 
     </span>
    </p>
   </div>
   <div class='ocr_carea' id='block_1_20' title="bbox 92 5397 1563 5677">
    <p class='ocr_par' dir='ltr' id='par_1_25' title="bbox 92 5397 1563 5677">
     <span class='ocr_line' id='line_1_69' title="bbox 92 5397 1563 5494; baseline 0.004 -22"><span class='ocrx_word' id='word_1_720' title='bbox 92 5413 154 5472; x_wconf 63' lang='lat' dir='ltr'>lw</span> <span class='ocrx_word' id='word_1_721' title='bbox 168 5397 332 5453; x_wconf 56' lang='lat' dir='ltr'>audierunt·</span> <span class='ocrx_word' id='word_1_722' title='bbox 763 5420 865 5487; x_wconf 80' lang='lat' dir='ltr'>bestiis,</span> <span class='ocrx_word' id='word_1_723' title='bbox 878 5419 973 5490; x_wconf 92' lang='lat' dir='ltr'>spiritu</span> <span class='ocrx_word' id='word_1_724' title='bbox 983 5419 1158 5494; x_wconf 81' lang='lat' dir='ltr'>intelligimus</span> <span class='ocrx_word' id='word_1_725' title='bbox 1169 5437 1231 5476; x_wconf 90' lang='lat' dir='ltr'>cum</span> <span class='ocrx_word' id='word_1_726' title='bbox 1252 5423 1368 5493; x_wconf 75' lang='lat' dir='ltr'>angelis.</span> <span class='ocrx_word' id='word_1_727' title='bbox 1380 5425 1498 5494; x_wconf 89' lang='lat' dir='ltr'>ideoque</span> <span class='ocrx_word' id='word_1_728' title='bbox 1512 5440 1563 5494; x_wconf 91' lang='lat' dir='ltr'>per</span> 
     </span>
     <span class='ocr_line' id='line_1_70' title="bbox 92 5503 1562 5583; baseline 0.004 -23"><span class='ocrx_word' id='word_1_729' title='bbox 92 5504 169 5561; x_wconf 81' lang='lat' dir='ltr'>-Et</span> <span class='ocrx_word' id='word_1_730' title='bbox 183 5503 305 5577; x_wconf 82' lang='lat' dir='ltr'>quidem.</span> <span class='ocrx_word' id='word_1_731' title='bbox 319 5505 358 5559; x_wconf 87' lang='lat' dir='ltr'>De</span> <span class='ocrx_word' id='word_1_732' title='bbox 374 5505 463 5576; x_wconf 91' lang='lat' dir='ltr'>prima</span> <span class='ocrx_word' id='word_1_733' title='bbox 479 5504 656 5577; x_wconf 88' lang='lat' dir='ltr'>requiequod</span> <span class='ocrx_word' id='word_1_734' title='bbox 672 5503 712 5559; x_wconf 90' lang='lat' dir='ltr'>si·</span> <span class='ocrx_word' id='word_1_735' title='bbox 761 5509 877 5564; x_wconf 89' lang='lat' dir='ltr'>animam</span> <span class='ocrx_word' id='word_1_736' title='bbox 899 5508 1088 5582; x_wconf 83' lang='lat' dir='ltr'>intelliguntur</span> <span class='ocrx_word' id='word_1_737' title='bbox 1119 5510 1240 5565; x_wconf 88' lang='lat' dir='ltr'>carnalia</span> <span class='ocrx_word' id='word_1_738' title='bbox 1254 5519 1377 5582; x_wconf 89' lang='lat' dir='ltr'>peccata,</span> <span class='ocrx_word' id='word_1_739' title='bbox 1390 5512 1417 5565; x_wconf 92' lang='lat' dir='ltr'>id</span> <span class='ocrx_word' id='word_1_740' title='bbox 1439 5521 1479 5567; x_wconf 91' lang='lat' dir='ltr'>est</span> <span class='ocrx_word' id='word_1_741' title='bbox 1501 5526 1562 5583; x_wconf 82' lang='lat' dir='ltr'>quat</span> 
     </span>
     <span class='ocr_line' id='line_1_71' title="bbox 92 5595 1563 5677; baseline -0.001 -21"><span class='ocrx_word' id='word_1_742' title='bbox 92 5601 175 5677; x_wconf 70' lang='lat' dir='ltr'>agit.</span> <span class='ocrx_word' id='word_1_743' title='bbox 192 5602 336 5674; x_wconf 80' lang='lat' dir='ltr'>Operibus.</span> <span class='ocrx_word' id='word_1_744' title='bbox 360 5601 431 5672; x_wconf 85' lang='lat' dir='ltr'>Quia</span> <span class='ocrx_word' id='word_1_745' title='bbox 444 5604 548 5660; x_wconf 84' lang='lat' dir='ltr'>dixerat</span> <span class='ocrx_word' id='word_1_746' title='bbox 562 5602 713 5658; x_wconf 84' lang='lat' dir='ltr'>nuntiatum</span> <span class='ocrx_word' id='word_1_747' title='bbox 761 5606 821 5655; x_wconf 91' lang='lat' dir='ltr'>actu</span> <span class='ocrx_word' id='word_1_748' title='bbox 831 5596 953 5670; x_wconf 88' lang='lat' dir='ltr'>eorporis</span> <span class='ocrx_word' id='word_1_749' title='bbox 963 5595 1039 5674; x_wconf 87' lang='lat' dir='ltr'>fiunt,</span> <span class='ocrx_word' id='word_1_750' title='bbox 1056 5606 1085 5658; x_wconf 88' lang='lat' dir='ltr'>ut</span> <span class='ocrx_word' id='word_1_751' title='bbox 1097 5599 1210 5658; x_wconf 80' lang='lat' dir='ltr'>luxuria.</span> <span class='ocrx_word' id='word_1_752' title='bbox 1222 5602 1275 5659; x_wconf 89' lang='lat' dir='ltr'>Per</span> <span class='ocrx_word' id='word_1_753' title='bbox 1288 5601 1412 5674; x_wconf 88' lang='lat' dir='ltr'>spiritum</span> <span class='ocrx_word' id='word_1_754' title='bbox 1426 5616 1491 5658; x_wconf 86' lang='lat' dir='ltr'>vero</span> <span class='ocrx_word' id='word_1_755' title='bbox 1507 5600 1563 5671; x_wconf 88' lang='lat' dir='ltr'>spi·</span> 
     </span>
    </p>
   </div>
   <div class='ocr_carea' id='block_1_21' title="bbox 92 5743 1383 5806">
    <p class='ocr_par' dir='ltr' id='par_1_26' title="bbox 92 5743 1383 5806">
     <span class='ocr_line' id='line_1_72' title="bbox 92 5743 1383 5806; baseline -0.002 -1"><span class='ocrx_word' id='word_1_756' title='bbox 92 5782 104 5805; x_wconf 64' lang='lat' dir='ltr'>a</span> <span class='ocrx_word' id='word_1_757' title='bbox 123 5743 218 5804; x_wconf 77' lang='lat' dir='ltr'>cxlv.</span> <span class='ocrx_word' id='word_1_758' title='bbox 1350 5748 1383 5806; x_wconf 75' lang='lat'>21</span> 
     </span>
    </p>
   </div>
   <div class='ocr_carea' id='block_1_22' title="bbox 0 0 1894 6112">
    <p class='ocr_par' dir='ltr' id='par_1_27' title="bbox 0 0 1894 6112">
     <span class='ocr_line' id='line_1_73' title="bbox 0 0 1894 6112; baseline 0 0"><span class='ocrx_word' id='word_1_759' title='bbox 0 0 1894 6112; x_wconf 95' lang='lat' dir='ltr'> </span> 
     </span>
    </p>
   </div>
  </div>
 </body>
</html>
