3772 6112
485 248 623 308 atussa
637 249 842 309 cantharus.
859 282 894 296 -
908 247 1077 313 ttrlsrftu
1090 254 1219 314 GACAT.
1555 266 1608 321 57⁰

92 369 261 443 tpcsiticnem
272 371 573 429 manusetcrationem
587 373 712 431 amorbo
725 375 759 431 li·
772 377 934 439 Atestatem
961 380 1123 438 habebimus
1142 398 1192 452 per
1204 398 1267 438 eurn
1287 383 1315 439 iu
1339 384 1417 439 tobis
1441 384 1604 455 judicandis.

805 466 997 538 Vel,uiuemua
1006 486 1072 526 cum
1086 488 1125 538 eo,
1142 471 1170 527 id
1185 477 1227 527 est
1242 470 1269 526 iu
1281 471 1363 528 simili
1370 473 1537 530 beatitudine
1545 488 1607 531 curn

92 549 136 606 ii.
150 577 186 590 ·-
201 550 256 607 Nee
270 551 348 606 emim
363 551 473 620 debeat,
490 557 542 607 etc.
559 551 690 608 Gamales
706 568 756 625 pa·
806 571 839 611 ec
856 572 862 612 :
879 557 1127 617 cthccexvirtute
1137 561 1188 617 Dei
1202 576 1208 616 :
1226 559 1299 632 quod
1314 561 1369 617 tale
1382 570 1424 617 est
1439 564 1471 618 ia
1484 563 1569 630 veih,
1580 563 1607 618 id

106 645 287 711 congregant,
304 639 354 694 sed
369 639 525 709 spirituales
548 640 662 713 dignum
672 648 714 697 est
727 649 757 697 ut
806 651 848 700 εει
862 643 890 699 in
904 646 1079 703 conscientiis
1090 649 1199 705 vestris.
1211 650 1244 705 ln
1258 649 1344 706 vobis.
1361 650 1438 723 Erga
1452 666 1512 706 vos,
1532 651 1607 706 blora

92 733 175 797 uptus
189 726 333 797 accipiant.
352 727 401 784 llic
415 729 758 801 autemintantunrprobat
805 731 881 789 illata
895 749 912 789 a
930 731 1043 806 perfidis
1057 736 1113 792 vita
1127 746 1170 793 est
1183 753 1251 811 erga
1261 738 1415 806 credentes,
1431 739 1496 812 quia
1509 739 1609 797 virtute

92 813 220 885 recipere,
236 822 265 871 ut
292 815 438 872 transierat
452 831 564 873 causam
578 817 697 873 carnalis
711 833 757 890 pa·
806 821 857 878 Dei
871 832 1048 896 resurgentes
1061 824 1154 881 uiuent
1163 841 1227 883 cum
1243 827 1361 884 Christo.

92 900 254 975 piritualem:
270 911 297 960 et
312 904 378 961 dicit
392 920 448 960 non
463 906 552 961 solum
566 921 655 978 sepro
669 907 757 964 salute
842 912 928 967 Vnus.
938 913 965 968 7.
974 942 1009 955 -
1025 913 1143 971 Oramus
1158 919 1266 982 autem,
1281 923 1334 972 etc.
1351 916 1410 972 Hoc
1420 923 1480 972 orat
1494 918 1608 989 Aposto

92 991 238 1063 spondere,
252 993 302 1049 sed
312 1001 339 1048 et
353 993 422 1048 mori
432 1001 558 1064 paratum
806 999 860 1068 lus,
874 1008 904 1055 ut
917 999 960 1056 his
970 1001 1041 1058 bene
1055 1003 1200 1075 agentibus
1214 1004 1241 1058 in
1257 1003 1297 1060 eis
1312 1004 1484 1076 corripienda
1497 1020 1553 1061 non
1566 1005 1608 1063 in-

95 1099 133 1153 ic
147 1127 182 1139 ..
192 1100 228 1154 ct
242 1100 485 1173 superimpendar,
498 1108 550 1157 010,
559 1100 683 1158 persecu
699 1100 758 1174 qui.
807 1087 908 1156 veniat,
915 1096 942 1145 et
953 1089 994 1146 sic
1009 1091 1119 1162 reprobi
1129 1101 1281 1164 appareant
1292 1109 1298 1149 :
1310 1093 1418 1165 probati
1430 1093 1503 1150 enirn
1512 1093 1608 1151 viden·

92 1185 156 1241 ritas
169 1186 229 1243 haec
243 1195 294 1255 est,
311 1196 341 1242 ut
355 1189 466 1261 quidem
481 1197 595 1261 paratus
617 1191 652 1245 sit
676 1190 758 1246 etiam
807 1183 858 1243 tur,
887 1177 1085 1248 dumilldiffissi
1107 1189 1277 1251 Ρθθῦθῑθῐθῦ·
1293 1180 1337 1238 Sic
1352 1198 1418 1255 “80
1434 1182 1457 1237 Si
1472 1198 1526 1239 ¹¹0⁰
1555 1183 1609 1239 Sint

92 1272 154 1330 uus
168 1275 253 1331 mori,
275 1275 330 1332 Sed
344 1277 468 1349 nunquid
485 1292 547 1333 mox
565 1285 594 1334 ui
609 1278 760 1336 nascitur?
808 1281 878 1338 quos
897 1265 1010 1335 judicet,
1042 1277 1167 1324 cessante
1204 1270 1364 1327 auctoritate
1396 1271 1472 1344 quasi
1496 1271 1606 1342 reprobi

92 1360 122 1417 rit
135 1370 210 1428 nata,
225 1363 344 1418 nutritur
360 1382 367 1418 ε
384 1380 445 1420 cum
460 1363 541 1421 luerit
555 1366 665 1434 nutrita,
677 1367 759 1422 robo-
808 1354 944 1411 Videntur·
956 1357 1071 1430 R⁰P⁷⁰bi
1096 1359 1197 1426 Simus,
1207 1358 1283 1414 idessi
1293 1374 1473 1432 appareamus
1483 1360 1605 1433 Nimbis

92 1466 134 1506 um
148 1449 229 1507 fuerit
245 1452 386 1517 roborate,
396 1452 535 1524 perficitur
547 1471 554 1508 ς
565 1471 627 1510 cum
644 1455 680 1510 ud
693 1471 759 1525 per.
808 1458 864 1499 non
877 1442 1011 1500 habentes
1026 1445 1098 1518 quod
1112 1447 1284 1503 vindicemus
1298 1448 1342 1505 vei
1355 1448 1544 1518 dijudicemus.

92 1540 233 1615 averuerit,
250 1540 334 1597 dicit:
348 1541 433 1614 Cupio
443 1542 567 1612 dissolvi,
580 1547 608 1600 et
625 1559 683 1599 esse
693 1561 759 1601 cum
845 1532 930 1588 Vm·
947 1536 973 1589 9·
990 1563 1026 1575 ··
1037 1534 1194 1592 (laudem
1209 1539 1295 1606 mima
1312 1545 1365 1594 0²0·
1379 1537 1485 1610 (Hfflb)
1500 1537 1609 1595 Giflde·

807 1636 870 1675 mus
885 1621 909 1676 si
922 1636 978 1678 non
999 1621 1034 1678 sit
1057 1638 1172 1680 necesse
1200 1633 1230 1680 ut
1245 1625 1451 1682 castravimus
1466 1635 1607 1699 appareat.

96 1718 140 1771 ic,
151 1712 186 1758 ’-
201 1717 275 1772 clim
288 1719 407 1789 putatu,
425 1717 511 1787 Quasi
532 1718 605 1775 dicat
621 1735 629 1774 :
643 1719 756 1775 Jamcu.
768 1737 795 1797 Β
809 1710 878 1766 sicut
891 1709 963 1765 Petri
974 1712 1096 1782 apparuit
1109 1712 1137 1767 in
1153 1713 1274 1785 Saphyra
1290 1722 1317 1770 et
1331 1716 1446 1771 anania.

92 1819 130 1859 uu
138 1804 241 1875 putetis
267 1821 274 1858 ;
291 1805 364 1875 quod
378 1821 463 1862 ceusu
477 1807 661 1863 excusationis
679 1810 758 1881 quusi
843 1798 930 1854 Vltus.
942 1801 986 1855 10.
996 1800 1199 1858 -Secttttdttm
1212 1807 1390 1875 potestatem.
1405 1805 1505 1859 lterum
1516 1812 1608 1860 OSiCn·

92 1907 135 1962 im,
152 1893 225 1966 quod
239 1910 293 1949 non
323 1894 445 1966 gravavi,
458 1896 508 1951 sec
521 1895 583 1952 <1100
597 1897 676 1968 (iesu
700 1898 758 1953 ceo
808 1886 848 1942 dit
863 1887 936 1959 quod
950 1902 1005 1944 non
1024 1889 1099 1959 cupit
1119 1897 1253 1960 potestate
1268 1891 1363 1946 inillis
1378 1892 1461 1958 abuti,
1478 1892 1608 1962 adjiciens

94 1981 167 2054 quod
182 1996 237 2037 u0u
252 1981 418 2038 circumveni
434 1999 493 2050 ves,
509 1992 536 2040 et
559 1999 613 2039 nou
627 1985 756 2057 superbe,
808 1991 863 2031 lion
877 1975 905 2030 in
920 1975 1133 2049 dessmciionem
1157 1980 1206 2034 sed
1229 1979 1258 2034 in
1272 1979 1480 2036 aedificaiiollem
1504 1997 1535 2037 80
1547 1997 1612 2038 edm

92 2069 169 2125 aristo
184 2069 378 2141 amplificando
394 2071 420 2125 in
436 2072 525 2127 vobis.
808 2064 959 2136 accepisse,
974 2065 1047 2121 unde
1058 2066 1169 2121 subdit:
1184 2067 1245 2124 Non
1260 2069 1529 2126 indestructiceem.
1545 2071 1608 2126 Non

92 2159 138 2216 ει,
149 2189 185 2217 ..,
191 2159 230 2216 Ne
244 2159 351 2216 iterum
366 2176 431 2216 cum
441 2176 552 2227 venero,
563 2169 615 2217 010,
626 2161 757 2235 (cunc)
808 2152 985 2210 destruuntur.
995 2162 1087 2210 autem
1101 2155 1148 2228 qui
1154 2156 1338 2231 corriguntur,
1354 2157 1404 2214 sed
1413 2158 1532 2215 correcti
1541 2159 1607 2214 aedi·

92 2245 225 2319 tpunire,
241 2246 439 2320 improperare,
448 2265 543 2319 poeuas
553 2250 674 2323 exigere,
690 2259 755 2319 etc.,
806 2240 931 2299 ficantur·
1574 2309 1576 2314 .

99 2333 150 2390 sec
164 2336 361 2406 propiciacus
375 2345 554 2409 praeceprum,
843 2331 929 2387 Vnns.
947 2334 990 2389 ll.
1005 2361 1041 2373 -
1057 2333 1188 2400 Gaudete,
1200 2336 1316 2407 fratres.
1334 2336 1364 2391 ld
1379 2344 1421 2392 est
1438 2336 1510 2392 bene
1522 2352 1606 2409 ,ope-

92 2424 304 2496 .euerunt.N0n
320 2423 518 2482 sufficitmorcs
532 2425 667 2483 inmelius
681 2441 757 2484 corn·
807 2419 905 2476 ramini
928 2427 959 2476 ut
984 2436 1080 2478 verum
1115 2422 1245 2494 gaudium
1285 2424 1391 2480 habere
1422 2425 1542 2496 possitis.
1571 2428 1607 2482 lit

94 2517 105 2565 t
124 2526 140 2565 a
163 2511 243 2566 malis
257 2514 396 2582 recedere,
413 2513 466 2569 nisi
489 2514 523 2570 de
542 2513 585 2570 bis
606 2514 758 2586 quaefacta
806 2511 970 2582 Deuapcct'r
989 2510 1045 2566 erit
1068 2511 1218 2568 υοιὶιε-ιιιιι.
1237 2512 1306 2568 Hinc
1333 2513 1412 2569 vobis
1437 2513 1488 2570 erit
1515 2530 1568 2586 pax
1590 2530 1608 2570 e

92 2595 160 2656 isfiat
173 2600 290 2656 Domino
300 2618 349 2673 ρει
371 2603 537 2673 poenitentiae
559 2603 693 2671 dolorem,
708 2621 758 2676 per
808 2597 952 2654 dilectione
979 2597 1060 2665 ilius,
1086 2598 1150 2655 hinc
1177 2599 1311 2656 malcrum
1333 2602 1452 2657 omnium
1476 2602 1604 2659 sublatio.

92 2686 271 2761 isgcmhum,
288 2706 338 2761 per
351 2690 460 2746 contriti
474 2689 564 2748 cordis
582 2690 753 2764 sacrificium¹
807 2686 862 2742 Isia
877 2701 931 2759 pax
944 2686 1183 2755 crbemservarit,
1208 2689 1365 2745 diuturnum
1387 2690 1489 2748 bellum
1514 2691 1603 2759 solvil,

92 2774 168 2833 tibus
183 2776 376 2850 eleemosynis.
700 2834 702 2838 ,
807 2775 877 2832 coelo
892 2782 994 2831 terram
1008 2776 1155 2846 conjunxit,
1181 2776 1233 2832 ista
1251 2778 1376 2835 homines
1390 2779 1504 2853 angelos
1532 2778 1605 2848 lecit,

257 2909 369 2966 CAPUT
382 2909 447 2966 Xffl
807 2863 888 2919 latam
902 2880 971 2938 ergo
984 2864 1113 2921 imitetur.
1132 2866 1370 2922 innumerabilium
1381 2869 1452 2924 enim
1472 2868 1605 2925 bcnomm

806 2961 895 3008 mater
924 2959 966 3009 εει
992 2953 1110 3022 (ιὶ1εειὶο,
1139 2971 1190 3026 ρει
1209 2955 1290 3011 istam
1312 2955 1407 3012 salvati
1426 2973 1531 3025 sumus,
1556 2973 1606 3030 ρει

92 3024 111 3082 ²
125 3051 161 3066 ··
174 3024 234 3081 N‘m
245 3041 373 3098 limam·
390 3027 453 3082 9⁰8²
463 3032 504 3081 ῑθῑ
518 3025 710 3094 θθΠθθῑῖθῦθθ,
733 3027 756 3084 Ξῖ
806 3041 886 3096 istam
900 3039 1047 3098 ineffabilia
1061 3043 1131 3098 bona
1145 3043 1236 3100 omnia
1250 3044 1431 3117 assequimur.

92 3127 113 3167 n
127 3113 282 3174 emendant·
299 3129 354 3168 ¹¹0⁰
369 3114 450 3171 debet
465 3115 504 3170 05⁸
518 3114 605 3186 limi·
767 3094 792 3158 C
843 3131 929 3188 Vsus.
947 3133 990 3186 13.
1005 3161 1041 3173 -
1057 3132 1165 3189 Gratia.
1181 3133 1277 3188 Totam
1291 3133 1449 3190 Trinitatem
1462 3141 1537 3207 optat
1553 3135 1605 3193 be-

95 3220 123 3274 a.
139 3249 174 3260 -
188 3219 231 3275 Aa
242 3222 481 3293 experimentum.
498 3220 579 3277 bloris
594 3228 636 3277 est
658 3221 757 3279 divinae
807 3218 935 3275 aedicere
949 3234 1007 3276 eos.
1024 3220 1077 3275 Sua
1095 3220 1190 3276 tribuit
1205 3235 1328 3295 congrua
1343 3222 1450 3296 cuique.
1467 3223 1603 3292 Gratiam,

92 3312 247 3380 epersonae
261 3308 312 3364 Dei
327 3308 445 3366 tribuere
460 3310 533 3383 quod
558 3310 586 3366 iu
609 3310 689 3366 nobis
716 3311 757 3367 la·
806 3307 834 3362 id
849 3315 890 3363 est
905 3307 1094 3364 remissionem
1118 3309 1195 3377 Filio,
1224 3310 1384 3367 charitatem
1402 3311 1475 3367 Patri
1500 3313 1546 3386 qui
1571 3329 1604 3370 ex

92 3401 100 3451 t
126 3397 274 3468 Apostolus
295 3396 458 3454 locutionem
477 3397 565 3469 ipsam
597 3399 635 3452 iili
662 3399 757 3455 tribuit
806 3395 952 3453 dilectione
965 3396 1039 3452 misit
1062 3397 1169 3464 lilium,
1183 3399 1459 3456 communicationem
1479 3401 1603 3473 Spiritui,

92 3499 155 3541 nere
166 3485 336 3558 loquebatur,
348 3486 376 3541 id
386 3495 427 3542 est
443 3487 560 3542 Christo.
575 3488 628 3557 Qui
641 3488 673 3543 in
683 3489 756 3545 uobis
805 3501 855 3557 per
864 3480 981 3556 quemfit
989 3485 1064 3541 unio.
1080 3487 1251 3543 liteiuritns
1266 3489 1326 3545 Dei.
1344 3487 1461 3545 Dilectio
1471 3490 1522 3546 Dei
1532 3491 1606 3547 misit

92 3578 204 3641 muctar,
218 3575 368 3646 sedpotens
377 3575 503 3647 appamit
514 3591 577 3632 curn
591 3576 661 3632 dona
670 3576 755 3634 dedit.
805 3573 950 3640 Christum,
968 3574 1046 3644 cujus
1058 3575 1146 3648 gratia
1154 3575 1249 3631 salvat.
1259 3577 1293 3631 lit
1302 3583 1329 3631 ut
1338 3577 1528 3648 possideamus
1534 3579 1606 3636 hanc

92 3661 178 3734 perti,
199 3678 254 3719 non
273 3663 395 3719 dubitent
414 3680 446 3720 se
460 3663 496 3720 ab
512 3679 544 3720 ec
557 3681 640 3736 posse
654 3664 754 3737 puniri.
804 3662 921 3736 gratiam
936 3661 1039 3730 salutis,
1056 3664 1265 3720 communicatio
1279 3663 1344 3720 lacti
1365 3664 1482 3735 Spiritus
1506 3667 1603 3735 sancti,

95 3751 112 3807 i
125 3752 242 3808 -Num
253 3757 280 3808 et
295 3770 345 3809 noa
355 3753 476 3824 infirmi.
489 3753 560 3810 Vivit
570 3753 693 3808 Christus
708 3753 754 3826 qni
804 3751 848 3807 uel
861 3751 920 3822 ipse
927 3750 1043 3823 Spiritus
1057 3751 1095 3806 ita
1109 3751 1144 3806 sit
1157 3752 1308 3817 vobiscum,
1324 3760 1353 3808 ut
1379 3753 1562 3810 communicet
1577 3761 1605 3812 ct

92 3846 133 3894 rat
156 3838 289 3895 infirmus.
311 3841 382 3897 Nam
396 3846 424 3896 et
440 3858 491 3897 nor
514 3841 600 3898 multo
622 3842 753 3909 minores,
805 3839 926 3897 conferat
940 3838 1017 3896 vobis
1032 3846 1059 3895 et
1072 3840 1191 3913 gratiam
1201 3840 1300 3896 Christi
1314 3849 1342 3897 et
1360 3841 1519 3898 charitatem
1540 3843 1602 3899 Dei.

92 3928 144 3983 eat
159 3929 191 3983 in
205 3930 265 3994 illo,
277 3929 304 3983 id
319 3937 360 3985 est
375 3929 437 3985 licet
453 3930 486 3985 ad
503 3930 682 3987 imitationem
695 3931 755 4001 ejus
805 3927 906 3999 Quasi:
922 3929 990 3984 Tota
1004 3928 1038 3983 sit
1053 3928 1195 3985 vobiscum
1210 3929 1338 3997 Trinitas,
1356 3930 1424 3986 dans
1435 3930 1552 4005 gratiam
1569 3931 1604 3988 de

92 4014 175 4071 timur
189 4015 445 4088 aperiidis,'temen
455 4021 589 4087 vivemus,
607 4019 636 4074 id
650 4028 692 4076 cst
705 4035 755 4093 po·
804 4016 959 4075 commissis
974 4024 1001 4075 ει
1013 4017 1174 4075 charitatem
1191 4034 1241 4091 per
1256 4018 1394 4092 Spiritum.

494 4334 723 4408 EPISTULA
752 4333 817 4407 AD
850 4333 1084 4408 GALATAS.

202 4573 204 4577 ι
229 4613 487 4673 ARGUMENTUM.
767 4617 860 4680 Dmul
874 4633 925 4690 per
940 4615 1065 4690 spiritum
1072 4616 1163 4673 docuit
1179 4633 1186 4673 ε
1203 4623 1233 4672 ut
1259 4631 1309 4688 per
1322 4617 1376 4674 hcc
1397 4617 1432 4672 sit
1440 4618 1537 4689 major,
1552 4635 1602 4692 ρει

92 4726 172 4775 „mu
186 4718 285 4776 cruci,
304 4721 337 4776 ui
352 4722 467 4777 verbum
489 4720 611 4779 perimus
635 4721 754 4794 primum
804 4705 877 4779 quod
890 4705 1034 4762 videbatur
1047 4705 1149 4761 minor.
1178 4705 1276 4761 Catari
1304 4704 1377 4762 enirn
1393 4707 1511 4778 apostoli
1527 4708 1602 4766 vidc-

92 4805 137 4864 010
158 4818 330 4879 acceperunt·
362 4811 417 4865 Sed
445 4820 507 4882 posi
527 4811 680 4867 discessum
695 4812 754 4881 ejus
804 4796 903 4850 bantur
918 4810 979 4850 esse
1007 4794 1148 4865 majores:
1170 4795 1232 4867 quia
1255 4794 1372 4866 priores.
1390 4795 1443 4851 iste
1462 4796 1601 4866 minimus,

92 4894 241 4953 tntaialsis
256 4898 396 4969 apostolis,
410 4907 440 4955 ut
454 4900 482 4955 iu
496 4901 588 4973 legem
603 4900 755 4957 etcircum·
805 4884 869 4956 quia
898 4882 1073 4940 wilffinus·
1104 4884 1159 4939 Sed
1174 4883 1236 4940 inde
1250 4891 1360 4956 ³PP⁸l²i
1385 4883 1604 4958 ‘158050‘2‘11112

116 4993 297 5042 verteremur,
323 4989 379 5043 uos
404 4989 550 5060 ,iposiuug
578 4998 687 5046 sevocat
719 4991 754 5045 au
802 4972 909 5044 priores
923 4971 1061 5029 constituti
1076 4981 1202 5044 suutper
1216 4971 1353 5029 Christum
1376 4972 1464 5030 adhuc
1478 4981 1603 5044 exparte

92 5073 189 5142 uuus,
206 5076 330 5131 scribens
345 5076 385 5132 eis
401 5077 436 5131 ab
451 5078 571 5148 Epheso,
803 5060 950 5131 hominem,
966 5059 1048 5117 idest
1062 5061 1214 5117 mortalem.
1230 5060 1401 5118 Novissimus
1425 5077 1490 5118 vero
1504 5063 1603 5119 Paulus

802 5165 853 5220 per
864 5149 1001 5204 Christum
1010 5149 1068 5219 jam
1082 5156 1168 5205 toturn
1182 5150 1279 5218 Deum,
1294 5149 1322 5204 id
1337 5158 1421 5205 estex
1440 5149 1514 5207 omni
1527 5159 1603 5223 parte

215 5200 327 5255 CAPUT
340 5201 485 5257 PRIMUM.
804 5236 995 5294 immortalem.

92 5289 159 5341 t.-
173 5288 577 5361 Puulcr,upostoiur.Ncmine
594 5289 676 5346 cilicii
699 5297 753 5346 ter·

92 5374 164 5432 nuuc
182 5376 242 5433 No„
252 5377 284 5432 ab
296 5378 464 5435 homiuibus·
477 5379 596 5434 cubandi
611 5380 753 5451 apostolis,
840 5361 958 5419 innah.
969 5391 1004 5402 -
1015 5361 1195 5430 Quimecum.
1208 5362 1338 5418 Dolentes
1348 5361 1446 5419 iratres
1457 5362 1602 5420 Christiani

92 5479 108 5518 n
124 5463 244 5520 01001101
264 5465 339 5520 missi
359 5483 374 5520 a
389 5467 490 5522 Juuaejs
518 5468 751 5539 pseudoapostoli,
808 5457 871 5505 sunt
885 5450 919 5505 de
933 5457 1022 5506 vestra
1032 5450 1200 5519 seductione,
1218 5459 1301 5507 testes
1316 5451 1438 5508 veritatis
1453 5468 1531 5521 meae,
1543 5451 1601 5523 qui·

92 5568 108 5607 r
127 5549 277 5609 hminem,
290 5554 342 5609 Sed
358 5571 406 5626 pes
414 5555 506 5611 iesum
512 5556 570 5625 jam
585 5556 752 5612 suscitatum,
810 5539 860 5594 bus
873 5554 923 5595 vos
933 5546 1039 5610 oportet
1051 5540 1181 5609 credere,
1200 5547 1226 5595 et
1235 5555 1290 5597 non
1304 5556 1416 5613 paucos,
1433 5540 1481 5596 sed
1495 5554 1600 5594 omnes.

101 5647 130 5697 nt
143 5641 225 5697 horno
243 5642 368 5700 homines
390 5644 530 5718 paulatim,
548 5646 597 5704 sed
611 5653 695 5703 totum
714 5645 753 5701 si·
844 5645 931 5703 Vsus.
946 5648 973 5702 3.
989 5676 1023 5689 -
1037 5648 1073 5703 lit
1087 5647 1203 5706 Domino
1218 5644 1523 5735 tesmctmto.Quem
1532 5643 1602 5716 inju-
