3772 6112
145 206 197 260 bii
301 219 306 230 ⁸
411 200 615 258 watcrtubt
628 199 751 257 STRABI
767 200 869 258 rusb.
884 199 971 259 uoti.
987 199 1064 260 OPP.
1080 202 1169 262 PARS
1183 204 1205 261 l.
1221 233 1256 249 -·
1269 202 1506 263 rusotoulcs.
1747 211 1797 267 stt

153 327 261 385 duobus
275 326 365 382 modis
379 325 453 382 Deus
463 324 582 397 loquitur
594 325 629 380 ad
651 324 786 395 homines,
802 325 886 381 idest
900 342 951 398 per
964 329 993 392 Α
1007 327 1089 398 cabit,
1109 327 1183 400 quia,
1199 333 1229 384 ut
1244 327 1391 399 Apostolus
1405 329 1443 386 ait
1459 347 1467 384 z
1485 348 1497 382 s
1514 329 1543 386 si
1557 319 1804 406 cboumcidsmini,

152 416 285 474 intemem
316 414 523 487 inspirationem
551 420 578 470 et
606 429 657 485 per
688 413 875 487 evangelicum
907 414 951 472 vel
1006 416 1129 473 Christus
1144 416 1223 474 vobis
1234 416 1301 472 nibil
1316 417 1438 488 proderit
1452 417 1526 490 (Gal.
1542 419 1574 491 v)
1581 438 1591 489 ,·
1607 439 1620 471 a
1638 428 1666 475 et
1680 420 1803 479 iterum:

155 505 236 562 etism
259 503 375 559 aliorum
396 503 536 559 bominum
557 501 758 570 ministerium,
782 502 817 558 ad
838 505 951 576 Moysen
1002 505 1194 562 ‹liaeretioum
1208 506 1347 562 bominem
1361 515 1424 578 post
1437 523 1521 563 unam
1535 515 1562 563 et
1575 508 1729 565 secundam
1743 523 1803 566 cor·

155 609 262 660 secrete
275 601 436 674 loquebatur
446 599 578 656 Dominus
588 607 614 655 et
624 598 659 655 ad
669 602 759 656 Aaron
768 616 818 671 per
827 601 950 673 bloysen.
999 594 1153 666 reptionem
1168 593 1269 666 devita,
1284 595 1375 651 sciens
1393 595 1458 666 quia
1483 597 1635 654 subversus
1651 606 1693 654 est
1707 597 1803 668 buius·

157 711 170 744 ι
187 692 275 747 Homo
288 690 316 745 in
330 691 407 759 cujus
422 704 506 745 came
520 696 546 744 et
560 698 656 759 cute,s
673 689 827 761 etreliqua.
842 690 953 746 iudaeus
1000 683 1076 738 modi
1089 683 1158 757 (itt.
1173 683 1225 755 m).
1243 702 1255 734 s
1274 703 1286 735 ε
1303 684 1351 740 Sin
1366 692 1457 740 autem
1471 684 1621 742 effloruerit
1643 686 1803 744 discurrens

157 778 293 846 videlicet,
308 778 354 849 qui
364 785 530 849 preceptum
541 777 650 833 Domini
659 776 740 834 luerit
749 778 950 849 prevaricatus,
1000 770 1087 843 lepra,
1106 789 1118 822 ι
1135 780 1162 828 ει
1183 772 1235 828 rel.
1262 772 1418 829 Secundum
1437 773 1591 845 historiam,
1615 790 1674 831 non
1696 775 1804 834 videtur

33 864 52 933 ⁴,
156 868 201 925 vel
225 865 393 924 Christianus
416 865 529 938 quilibet
543 865 571 921 in
603 867 681 936 cuius
705 881 787 923 came
808 875 836 923 et
856 874 953 924 cutes
1002 873 1175 932 consequens
1201 867 1231 916 ut
1258 862 1376 916 mundus
1404 861 1448 932 sit,
1478 863 1556 932 cuius
1580 871 1668 919 totam
1691 879 1804 924 aarum

153 956 206 1012 rita
230 963 255 1011 et
278 955 407 1026 operibus
431 963 587 1026 appament
609 954 737 1028 iniquitas
761 964 787 1011 et
810 964 952 1028 peceatum
1002 949 1091 1020 operit
1104 949 1192 1021 lepra,
1208 949 1291 1005 etille
1305 950 1462 1007 immundus
1476 951 1521 1009 cui
1535 953 1563 1008 in
1578 968 1634 1008 uno
1649 952 1713 1010 loco
1728 953 1805 1028 lepra

153 1043 282 1111 notabile,
300 1063 312 1095 a
329 1044 387 1099 sive
398 1044 517 1115 pustula,
537 1063 549 1095 s
567 1045 652 1113 majus
667 1052 694 1101 et
708 1045 798 1100 minus
812 1044 950 1116 delictum,
1003 1038 1110 1095 videtur
1134 1038 1235 1094 inesse.
1260 1038 1415 1112 allegorice
1442 1049 1556 1096 autem:
1581 1057 1696 1098 earnem
1721 1049 1804 1102 totam

155 1152 168 1186 ι
193 1140 238 1189 aut
259 1132 336 1204 quasi
354 1132 449 1189 lucens
477 1133 626 1206 quippiam,
645 1153 657 1183 ι
681 1132 711 1189 id
738 1141 781 1189 est
808 1133 953 1191 manifeste
1003 1135 1119 1199 oeeupat
1133 1126 1297 1198 leprarum
1312 1128 1356 1183 vet
1370 1138 1510 1200 peccator,
1535 1128 1671 1187 confitens
1694 1146 1803 1188 omnem

153 1229 276 1295 peccata,
301 1222 336 1277 de
360 1222 459 1293 quibus
480 1222 651 1294 Apostolus:
669 1242 681 1274 ι
698 1221 891 1290 Quorumdam,
908 1222 953 1279 in·
1002 1216 1088 1273 vitam
1100 1231 1179 1271 suam
1192 1216 1384 1288 peccatricem,
1399 1217 1503 1273 1111111111
1515 1234 1596 1275 81111111
1610 1235 1668 1275 11011
1682 1220 1803 1278 abscon·

154 1311 219 1383 quit,
237 1308 377 1366 hominum
390 1317 502 1384 peccata
516 1310 658 1366 manifesta
678 1318 749 1378 sunt,
773 1312 954 1382 precedentis
1003 1305 1062 1374 dit;
1076 1305 1120 1361 vel
1135 1312 1191 1361 toto
1205 1313 1330 1377 tempore
1348 1306 1411 1363 vitae
1432 1307 1541 1378 publice
1564 1308 1714 1381 poenitens,
1731 1309 1805 1367 cun·

152 1399 188 1455 ad
207 1399 342 1469 judicium
365 1399 391 1470 (l
405 1401 474 1456 lim.
499 1399 570 1469 vl.»
598 1399 782 1455 «seducetur
806 1400 840 1455 ad
861 1403 953 1457 Aaron
1004 1394 1039 1449 sti
1062 1394 1152 1468 gratia
1174 1409 1205 1449 se
1228 1394 1325 1466 quaerit
1349 1395 1481 1464 dealbari,
1500 1416 1512 1448 ι
1528 1397 1647 1452 mundus
1665 1398 1730 1466 erit,
1750 1398 1803 1455 sid

153 1489 334 1555 sacerdotem,
349 1507 361 1538 r
378 1487 407 1543 id
421 1495 462 1544 est
476 1487 633 1543 doctoribus
648 1488 830 1559 spiritualibus
845 1489 880 1543 ad
894 1506 953 1545 exa·
1003 1491 1046 1539 cst
1061 1482 1141 1539 saluti
1154 1483 1305 1554 proximus.
1323 1502 1336 1535 ι
1352 1483 1467 1553 Quando
1485 1500 1552 1541 vero
1576 1501 1643 1542 earo
1665 1486 1803 1544 demin

152 1576 312 1633 minandum
337 1577 500 1648 publicetur,
519 1599 530 1628 α
548 1577 595 1649 qui
608 1577 672 1632 dum
693 1576 792 1633 viderit
810 1577 911 1649 lepram
925 1578 953 1634 in
1003 1587 1037 1629 eo
1052 1572 1220 1644 apparuerit,
1238 1592 1250 1622 s
1268 1579 1295 1628 et
1308 1572 1371 1644 rei,
1396 1573 1481 1629 idest
1500 1574 1622 1631 carnalis
1645 1576 1802 1648 superstitio

152 1672 218 1723 cute
232 1674 259 1721 et
272 1665 344 1737 pilos
358 1665 386 1721 in
400 1666 491 1721 album
507 1665 625 1721 colorem
641 1673 771 1735 mutatos,
784 1683 796 1718 s
812 1674 838 1722 ει
852 1667 913 1733 rei,
926 1664 983 1755 idB
1002 1660 1083 1734 legia,
1105 1661 1209 1731 judicio
1232 1662 1407 1718 sacerdotum
1434 1663 1609 1735 perquiratur
1632 1673 1728 1721 utrum
1749 1672 1803 1723 tam

155 1763 197 1811 εει
210 1762 353 1826 peceatum
375 1755 403 1811 iu
425 1755 557 1825 moribus,
573 1764 600 1810 et
614 1755 794 1828 cogitationes
817 1756 852 1812 de
867 1756 952 1813 recti·
1001 1751 1125 1822 pertinax
1149 1750 1198 1820 sit,
1227 1757 1255 1806 ut
1275 1751 1338 1821 jure
1360 1752 1580 1809 condemnetur:
1606 1753 1710 1811 «Caro
1732 1755 1802 1813 euim

152 1844 246 1900 tudine
261 1851 347 1900 status
362 1843 404 1899 sui
418 1851 543 1911 mutatas,
565 1845 707 1917 ipsamque
729 1844 863 1900 actionem
877 1853 953 1902 ante·

159 1940 228 1990 actea
242 1933 305 1988 vitae
329 1932 474 2002 turpiorem
500 1941 526 1987 ει
548 1933 730 1999 humiliorem,
747 1933 775 1988 id
789 1939 831 1990 est
845 1935 945 2005 prioris

151 2042 164 2075 ι
181 2030 209 2078 ει
223 2021 258 2077 ad
281 2021 426 2076 arbitrium
452 2021 510 2089 ejus
535 2021 712 2092 separabitur,
731 2041 743 2071 r
760 2021 788 2077 id
802 2029 854 2089 est,
870 2022 894 2077 si
907 2023 952 2078 di·

151 2125 223 2185 gnus
236 2109 328 2177 luerit,
354 2109 642 2165 excommunicabitur.
660 2130 672 2163 x
690 2109 841 2170 sinautem
857 2111 951 2168 lucens

149 2199 254 2258 candor
267 2199 319 2255 erit
332 2197 361 2253 in
375 2206 447 2268 cute,
460 2218 472 2248 s
485 2197 634 2271 etreliqua.
659 2199 688 2255 si
697 2198 886 2256 manifestatur
895 2199 955 2272 qui·

149 2288 213 2346 dem
226 2294 379 2360 peccatum,
396 2288 445 2343 sed
460 2295 549 2344 tamen
565 2303 620 2343 non
634 2302 651 2343 a
664 2296 735 2343 statu
758 2288 857 2360 prioris
877 2289 950 2357 vitae,

147 2378 194 2435 ille
208 2377 254 2450 qui
269 2383 365 2449 peccat
379 2376 501 2447 dilapsus
511 2385 562 2444 est,
577 2391 628 2433 neo
644 2378 823 2449 cogitationes
837 2378 872 2433 ad
885 2394 951 2450 per-

149 2465 299 2523 sistendum
323 2466 351 2520 in
365 2474 478 2537 peccato
501 2465 545 2523 vel
574 2466 778 2537 desperandum
804 2466 947 2539 convertit,

148 2556 272 2612 recludet
284 2558 468 2627 cum'septem
493 2554 601 2625 diebus,
624 2555 653 2611 id
674 2563 718 2612 est
739 2571 789 2628 per
811 2557 950 2628 poeniten·

148 2645 212 2702 tiam
236 2651 263 2701 et
287 2643 404 2717 Spiritus
431 2643 518 2701 sancti
545 2644 669 2717 gratiam,
699 2645 747 2717 qui
771 2646 798 2700 in
821 2653 950 2717 septena-

1001 1840 1064 1896 vivs
1078 1838 1101 1894 si
1115 1839 1193 1911 lepra
1206 1847 1380 1912 aspergatur,
1396 1840 1537 1897 immurma
1549 1850 1600 1912 est,
1620 1860 1632 1892 s
1649 1842 1679 1898 id
1694 1851 1738 1900 εει
1751 1845 1800 1901 ob-

1002 1927 1121 1985 servatio
1131 1928 1211 2002 legis,
1223 1929 1247 1985 si
1256 1929 1285 1984 in
1295 1945 1386 1986 errore
1397 1931 1441 1998 sit,
1457 1946 1513 1988 non
1526 1932 1650 2002 prodest.
1667 1930 1723 2002 Qui
1732 1932 1802 1991 enim

1000 2018 1089 2075 credit
1101 2016 1161 2073 sine
1174 2017 1245 2091 legis
1259 2017 1435 2075 observantia
1453 2035 1509 2076 non
1530 2037 1592 2077 esse
1617 2020 1739 2079 salutem
1752 2023 1801 2080 sub

1001 2107 1102 2181 gratia,
1119 2122 1214 2162 errore
1235 2106 1409 2180 illaqueatur.
1427 2129 1439 2163 s
1456 2108 1537 2179 Quod
1555 2109 1577 2166 si
1593 2126 1709 2168 rursum
1723 2127 1802 2170 versa

1001 2195 1135 2252 fueritin
1157 2197 1291 2264 alborem,
1309 2213 1321 2249 a
1345 2203 1373 2254 et
1396 2197 1446 2255 rel.
1469 2198 1498 2254 Si
1521 2206 1583 2271 post
1608 2200 1802 2259 remissionem

1000 2286 1100 2344 iterum
1120 2301 1137 2345 s
1160 2295 1235 2345 recto
1264 2287 1422 2356 deviaverit,
1460 2286 1617 2346 immundus
1651 2290 1801 2361 judicatur,

1002 2395 1015 2431 ε
1033 2390 1097 2433 caro
1111 2384 1138 2432 et
1152 2377 1222 2433 cutis
1231 2377 1260 2432 in
1270 2391 1324 2449 quc
1338 2375 1415 2433 ulcus
1430 2384 1471 2433 ast
1485 2385 1580 2433 natum
1594 2386 1622 2434 et
1637 2387 1800 2448 sanatams

1000 2471 1029 2522 ει
1042 2465 1092 2522 rel.
1108 2465 1193 2522 Ulcus
1207 2471 1250 2522 est
1271 2465 1345 2538 quod
1369 2466 1403 2523 da
1426 2465 1501 2523 intus
1523 2467 1642 2539 erumpit
1663 2468 1764 2526 utinm
1777 2476 1803 2527 ει

999 2554 1084 2628 plaga
1106 2553 1261 2611 lorinsecus
1283 2554 1424 2612 inflictum.
1449 2555 1479 2613 Si
1500 2564 1590 2612 autem
1613 2555 1649 2612 de
1662 2556 1804 2617 voluntate

999 2642 1118 2699 hominis
1141 2652 1284 2716 peccatum
1304 2644 1447 2715 prodierit,
1471 2659 1528 2702 non
1550 2661 1584 2702 ex
1607 2659 1686 2716 casu,
1713 2654 1741 2703 ει
1753 2663 1803 2720 per

146 2735 189 2791 rio
203 2749 319 2790 numero
344 2733 518 2802 describitur,
542 2734 581 2790 illi
601 2733 791 2791 remissionem
809 2734 953 2806 promittat
999 2733 1188 2804 poenitentiam
1211 2741 1339 2789 sanatum
1363 2733 1455 2802 luerit,
1480 2741 1539 2790 set
1562 2735 1722 2807 apparuerit
1743 2736 1803 2793 alba

144 2831 329 2897 peecatorum.
355 2823 420 2878 ideo
445 2838 510 2879 vero
532 2822 581 2895 pili
603 2822 681 2892 otrjus
705 2822 759 2878 sint
781 2823 881 2880 coloris
908 2823 952 2879 iu·
998 2821 1182 2891 cicatrix,sid
1190 2829 1232 2878 εει
1241 2822 1358 2878 carnaiis
1372 2822 1539 2892 ludaismus,
1554 2843 1566 2880 ε
1579 2824 1637 2881 εἰνε
1652 2824 1802 2894 subruitur

144 2912 213 2985 spici
225 2912 366 2982 jubentur,
383 2910 448 2983 quia
471 2909 596 2985 diligenti
619 2911 818 2968 examinatione
832 2912 949 2968 investi·
998 2910 1027 2968 id
1041 2918 1092 2978 est,
1107 2919 1171 2983 post
1185 2910 1302 2986 gratiam
1321 2912 1475 2987 Evangelii,
1501 2911 1571 2970 [εειε
1591 2915 1801 2986 praevaricati03

144 3018 211 3077 gare
225 3002 352 3059 convenit
367 3008 456 3057 utrum
470 3008 615 3073 peccatum
639 3017 672 3056 ex
696 3002 824 3057 diuturna
838 3002 947 3059 malitiae
998 2999 1172 3057 humiliorem
1196 3015 1280 3057 carue
1304 3001 1420 3074 relique,
1444 3000 1472 3057 id
1496 3008 1537 3058 est
1565 3003 1692 3075 pejorem
1715 3003 1802 3077 priori

141 3089 377 3164 praemeditatione
392 3088 524 3163 prodierit
539 3105 574 3145 an
594 3104 659 3145 casu
674 3089 825 3146 secundum
839 3089 946 3162 tragili-
994 3088 1059 3156 vita,
1077 3097 1140 3156 etc..
1157 3096 1186 3146 ut
1203 3103 1294 3161 snpra.
1313 3110 1325 3144 ι
1343 3089 1424 3160 Quod
1438 3090 1461 3146 si
1473 3090 1546 3163 pilus
1569 3091 1672 3149 coloris
1689 3101 1733 3149 εει
1747 3093 1801 3165 pri·

143 3187 228 3236 tatem
249 3180 374 3234 hnmanae
397 3186 502 3234 natura
525 3178 679 3251 contigerit.
699 3178 755 3235 ‹Si
777 3195 844 3236 vero
868 3179 947 3251 lepra
994 3176 1068 3246 stiui,
1085 3198 1097 3228 ι
1114 3177 1143 3234 id
1157 3184 1197 3234 est
1212 3178 1325 3236 intentio
1340 3178 1536 3253 cogitationum
1556 3181 1681 3253 priorem
1696 3190 1798 3240 statum

38 3293 41 3306 ·
144 3269 285 3326 ultranea
309 3268 436 3335 creverit,
455 3285 467 3320 a
484 3266 577 3334 idest,
595 3267 948 3342 siinconsuetudinepec·
995 3281 1051 3323 non
1070 3266 1240 3339 relinquens,
1264 3267 1339 3325 etsi
1366 3268 1566 3327 continuerits
1588 3278 1717 3344 peccato,
1740 3288 1802 3345 pro·

144 3358 199 3415 cati
212 3359 294 3414 homo
315 3372 371 3414 non
392 3356 588 3429 perduraverit,
607 3377 619 3411 ι
636 3372 687 3413 εεε
710 3358 843 3415 terminos
858 3365 948 3415 trans·

143 3446 247 3514 ierit,s
277 3443 305 3502 id
334 3454 376 3502 εει
403 3444 472 3502 aiios
503 3459 596 3502 mores
632 3461 698 3502 suos
713 3461 768 3503 non
796 3447 966 3516 violaverit,

144 3551 271 3591 «rursus
285 3533 407 3591 includet
428 3549 491 3590 eum
515 3543 621 3608 septem
645 3534 742 3592 diebus
765 3535 835 3592 aliis.
850 3555 862 3588 ι
880 3537 948 3594 Pro·

144 3632 206 3697 pter
220 3624 378 3698 diligentem
393 3623 619 3681 examinationem
635 3624 678 3680 bis
693 3640 757 3682 eum
765 3624 866 3682 includi
875 3641 949 3698 pras·

144 3714 226 3785 cepit,
252 3721 342 3769 tamen
357 3713 383 3769 ei
397 3729 506 3784 semper
529 3729 580 3786 per
605 3713 737 3786 Spiritum
762 3722 887 3772 sanctum
901 3729 949 3773 re·

143 3803 240 3860 missio
254 3803 437 3875 promittatur.
454 3823 466 3857 ε
483 3802 511 3859 Si
525 3803 670 3861 obscurior
684 3803 766 3860 luerit
786 3804 874 3878 lepra,
893 3823 906 3856 s
922 3811 950 3864 ει

137 3893 200 3961 νει,
217 3892 240 3948 si
262 3908 312 3964 per
330 3892 517 3964 paenitentiam
541 3892 662 3948 deletum
689 3892 770 3949 luerit
792 3900 946 3964 peccatum,

997 3355 1120 3412 mittatur
1147 3355 1187 3412 illi
1218 3372 1270 3430 per
1301 3356 1432 3430 Spiritum
1459 3367 1583 3416 sanctum
1609 3360 1761 3418 remissio:
1778 3362 1804 3420 si

998 3453 1088 3503 εειενε
1108 3444 1258 3519 perstiterit
1272 3445 1300 3503 in
1320 3447 1409 3515 malis,
1432 3447 1640 3506 condemnetur.
1658 3469 1670 3503 s
1690 3451 1761 3509 Caro
1774 3459 1801 3509 et

999 3534 1069 3593 cutis
1093 3551 1176 3608 quam
1199 3534 1272 3610 ignis
1293 3535 1436 3605 exusserit,
1455 3557 1467 3587 a
1484 3544 1512 3595 et
1526 3537 1588 3606 νει,
1604 3538 1635 3596 id
1650 3547 1693 3597 est
1709 3540 1764 3597 vita
1776 3548 1803 3600 et

999 3625 1173 3682 conversatio
1189 3641 1250 3703 quae
1263 3625 1365 3682 invidia
1378 3633 1405 3682 et
1419 3625 1482 3683 odio
1496 3626 1665 3697 vulneratur,
1678 3629 1704 3685 si
1714 3645 1803 3689 ameu-

999 3713 1068 3770 dans
1080 3713 1123 3770 vel
1139 3712 1357 3786 superstitionem
1370 3715 1440 3790 legis
1455 3724 1584 3788 sectatur,
1595 3717 1641 3774 rel
1652 3725 1802 3793 transgres

1000 3817 1061 3859 sum
1074 3803 1218 3877 Evangelii
1241 3811 1268 3860 et
1288 3819 1360 3860 sanae
1382 3804 1514 3862 doetrinae
1536 3813 1624 3863 status
1648 3808 1799 3880 admiserit,

1000 3892 1243 3960 condemnabitur;
1258 3892 1282 3948 si
1296 3909 1361 3950 vero
1376 3893 1447 3949 bona
1470 3894 1584 3953 intentio
1598 3911 1656 3953 non
1669 3907 1799 3970 mutatur,

148 4002 160 4036 ι
176 3981 318 4038 mundabit
332 3996 404 4048 eum,
422 4000 434 4034 s
451 3980 536 4037 idest
558 3982 690 4037 mundum
708 3981 838 4052 judicabit
856 4000 863 4038 :
882 4004 893 4037 ι
912 3983 953 4040 la·
1000 3978 1047 4037 fiat
1061 3988 1090 4037 ut
1106 3996 1200 4053 supra.
1217 3981 1245 4037 Si
1260 3989 1322 4054 post
1337 3982 1504 4057 diligentiam
1519 3985 1733 4043 examinationis
1746 3988 1802 4061 ple·

146 4070 274 4143 rabieque
294 4071 377 4125 homo
399 4070 569 4137 vestimenta,
588 4070 643 4126 »lu
662 4079 704 4127 est
722 4071 850 4144 lacrymis
873 4085 945 4128 com·
982 4083 1065 4153 ‘uam
1087 4069 1167 4142 quasi
1192 4078 1297 4142 septem
1321 4071 1428 4127 diemm
1452 4074 1686 4145 exspectationem
1714 4076 1801 4134 errori

147 4157 302 4233 punctionis
317 4157 483 4214 conscientia
504 4158 690 4214 mundabitur.
709 4180 721 4212 ι
737 4158 818 4230 Quod
833 4160 856 4216 si
870 4168 949 4233 post·
1000 4157 1134 4215 obnoxius
1147 4159 1398 4227 homoinveniatur,
1410 4160 1616 4220 condemnetur.
1632 4164 1720 4238 Plaga
1729 4179 1801 4223 com·

148 4264 229 4321 quam
244 4264 259 4302 a
273 4247 415 4304 sacerdote
429 4246 504 4304 visus
522 4255 573 4314 est,
587 4255 638 4305 »et
654 4248 769 4322 reliqua.
782 4249 810 4306 Si
821 4249 949 4308 videlicet
1000 4246 1119 4304 busturae
1143 4255 1186 4305 est
1209 4248 1327 4320 suspicio
1346 4249 1464 4321 invidiae,
1487 4267 1543 4307 non
1562 4251 1633 4325 ipss,
1659 4255 1727 4326 quis
1756 4254 1800 4329 qui

146 4336 432 4411 peractapoenitentia,
442 4336 605 4411 remissione
614 4346 734 4410 accepta,
743 4354 837 4395 mrsus
847 4339 945 4396 iterare
1000 4335 1098 4408 injuste
1113 4337 1195 4394 alicui
1207 4338 1344 4395 invidebat
1356 4349 1419 4396 ante
1433 4341 1662 4414 emendationem,
1684 4344 1710 4400 si
1723 4352 1798 4417 post·

145 4435 286 4500 peccatum
311 4427 524 4499 presumpserit,
555 4427 753 4483 contaminatus
773 4427 945 4497 judicabitur,
959 4421 1108 4484 Dmodum
1139 4428 1213 4498 juste
1248 4444 1331 4500 quem
1367 4429 1517 4504 redarguit,
1531 4447 1583 4503 per
1610 4431 1722 4491 invidias
1748 4434 1800 4491 boc

146 4517 216 4572 etsi
236 4516 395 4587 perstiterit,
420 4524 461 4571 est
482 4515 662 4588 separandus.
690 4517 804 4590 «Plaga
825 4516 908 4589 leprae
927 4517 952 4574 si
1001 4515 1144 4573 iteratione
1167 4532 1250 4591 agere
1277 4525 1395 4589 putatur,
1421 4519 1495 4592 quod
1517 4535 1533 4576 a
1555 4519 1678 4590 doctore,
1709 4529 1798 4580 utrum

148 4603 271 4661 fueritin
286 4605 407 4672 bomine,
426 4626 437 4655 ι
454 4611 481 4661 ει
496 4605 559 4673 εει,
574 4605 603 4663 id
627 4613 669 4662 εει
692 4606 792 4662 erroris
806 4612 833 4664 et
846 4607 953 4679 peccati
1001 4603 1045 4674 sit,
1062 4604 1209 4679 diligenter
1222 4605 1442 4677 perspiciendum
1467 4616 1519 4665 est.
1538 4630 1550 4660 r
1567 4608 1616 4664 Vir
1630 4610 1690 4668 sive
1703 4612 1800 4670 mulier

148 4693 314 4768 sonegium,
336 4694 487 4751 adducetur
512 4693 547 4751 ad
569 4695 751 4764 sacerdotem,
766 4695 850 4754 idest
873 4695 951 4752 Chri·
1000 4694 1029 4749 in
1044 4694 1122 4764 cujus
1137 4694 1225 4766 capite
1240 4694 1283 4750 vel
1298 4695 1384 4751 barba
1397 4697 1563 4769 germinabit
1576 4697 1663 4772 lepra,
1678 4720 1690 4752 s
1707 4710 1734 4758 ει
1748 4701 1797 4758 rel.

146 4792 218 4840 stum
233 4784 277 4840 rel
291 4784 464 4859 magistrum,
480 4784 526 4857 qui
541 4785 600 4854 ejus
625 4785 714 4842 vicem
735 4792 817 4842 tenet.
836 4806 848 4838 a
865 4785 950 4842 Cum·
1000 4783 1088 4842 Fortis
1111 4785 1169 4840 sive
1192 4782 1326 4852 infirmus,
1351 4785 1461 4858 sapiens
1484 4787 1544 4844 sive
1565 4787 1656 4844 minus
1679 4791 1797 4863 sapiens,

141 4889 194 4946 que
208 4874 286 4930 color
299 4875 378 4930 albus
404 4873 496 4941 luerit,
516 4893 528 4927 s
546 4880 573 4930 et
587 4872 651 4941 rel„
668 4874 696 4931 id
713 4882 754 4932 εει
777 4874 950 4949 relrigeratio
1003 4873 1050 4948 qui
1065 4874 1093 4929 in
1107 4873 1161 4930 lide
1175 4872 1330 4930 Divinitatis
1352 4873 1453 4930 Christi
1477 4875 1520 4932 vel
1543 4877 1718 4934 humanitatis
1740 4880 1799 4950 ejus

148 4962 300 5034 charitatis,
316 4980 379 5019 nam
392 4970 508 5035 propter
530 4961 619 5038 lrigus
640 4978 715 5037 sepe
739 4963 819 5021 sibor
835 4964 951 5022 masne·
1000 4978 1094 5021 errore
1109 4963 1268 5031 maematur,
1287 4983 1298 5015 ι
1317 4963 1341 5019 si
1354 4964 1468 5036 capillus
1485 4963 1568 5021 luerit
1591 4965 1678 5023 flatus
1702 4967 1797 5026 solim-

147 5049 209 5120 scit,
227 5071 239 5101 r
257 5059 284 5106 ει
298 5051 461 5123 capillomm
483 5059 570 5109 mutat
591 5061 743 5125 aspectum,
761 5054 874 5112 »idest
894 5062 950 5111 stc·
1001 5069 1055 5127 que
1070 5051 1202 5120 subb'lior,
1221 5072 1233 5103 »
1250 5053 1302 5110 boo
1317 5061 1358 5110 εει
1380 5053 1495 5111 intentio
1518 5055 1713 5130 cogitationum
1735 5073 1798 5132 pro·

148 5146 206 5194 turn
221 5139 396 5212 cogitationis
413 5159 420 5195 :
435 5141 662 5214 capillidicuntur
676 5141 754 5215 quasi
768 5142 865 5215 capitis
879 5143 946 5215 pili;
999 5141 1090 5215 prium
1104 5149 1204 5197 statum
1221 5141 1372 5215 reliquerit,
1395 5144 1431 5201 ad
1451 5142 1610 5218 malumque
1627 5144 1798 5221 investigan-

151 5247 163 5281 ι
175 5226 291 5299 ipsaque
307 5241 373 5283 caro
387 5228 450 5284 viva
464 5231 631 5303 apparuerit,
646 5251 657 5281 ι
674 5231 754 5287 idest
769 5233 888 5289 carnaiis
899 5232 948 5289 ob·
999 5231 1065 5289 dum
1076 5229 1155 5287 luerit
1169 5231 1304 5305 sagacior,
1315 5231 1521 5290 condemnetur.
1540 5255 1552 5287 ι
1566 5233 1714 5292 sinautem
1724 5236 1799 5294 vida·

148 5324 269 5382 servatio
283 5324 373 5399 legis:
393 5325 496 5397 «lepra
509 5328 693 5385 vetustissima
704 5329 882 5402 iudicabitur,
896 5330 948 5386 »id
1000 5320 1034 5377 111
1046 5320 1138 5377 locum
1151 5320 1269 5378 1111111111
1290 5321 1424 5395 1311111111
1447 5322 1543 5380 ticin&
1563 5323 1651 5391 111111,
1669 5346 1682 5376 1
1706 5325 1736 5381 id
1758 5333 1800 5383 etl

149 5423 191 5472 est
213 5413 315 5473 veteris
344 5413 462 5470 hominis
492 5431 561 5487 opus
584 5424 611 5473 ει
632 5417 800 5491 inquinatio;
826 5419 951 5478 «inolita
999 5424 1055 5466 non
1068 5409 1331 5467 multumaveritate
1342 5410 1540 5468 exorbitantem
1550 5427 1684 5486 errorem,
1696 5423 1801 5474 etecu-

150 5504 215 5575 cuti,
226 5504 951 5567 »hocestiuhaereusconuersationi.‹Cacuminabit
1000 5507 1095 5581 pillum
1109 5508 1246 5581 nigrum»
1265 5509 1416 5567 secundum
1433 5510 1613 5584 cogitationes
1629 5519 1718 5572 status
1746 5514 1798 5583 sui,

150 5617 212 5661 eum
226 5605 368 5678 sacerdos,
388 5626 399 5656 ι
416 5611 444 5663 ει
458 5604 508 5662 rel.
525 5603 670 5680 indignum
683 5609 951 5680 communioncjudl·
1003 5628 1015 5665 ε
1032 5607 1156 5668 recludet
1169 5625 1233 5669 eum
1248 5616 1352 5684 septem
1366 5609 1565 5685 debuemus
1578 5627 1630 5686 per
1644 5611 1800 5686 doctrinam
