<?xml version="1.0" encoding="UTF-8"?>
<!DOCTYPE html PUBLIC "-//W3C//DTD XHTML 1.0 Transitional//EN"
    "http://www.w3.org/TR/xhtml1/DTD/xhtml1-transitional.dtd">
<html xmlns="http://www.w3.org/1999/xhtml" xml:lang="en" lang="en">
 <head>
  <title>
</title>
<meta http-equiv="Content-Type" content="text/html;charset=utf-8" />
  <meta name='ocr-system' content='tesseract 3.04.00' />
  <meta name='ocr-capabilities' content='ocr_page ocr_carea ocr_par ocr_line ocrx_word'/>
</head>
<body>
  <div class='ocr_page' id='page_1' title='image "./patrologiaecurs06saingoog_0080.png"; bbox 0 0 3772 6112; ppageno 0'>
   <div class='ocr_carea' id='block_1_1' title="bbox 120 277 1776 343">
    <p class='ocr_par' dir='ltr' id='par_1_1' title="bbox 120 277 1776 343">
     <span class='ocr_line' id='line_1_1' title="bbox 120 277 1776 343; baseline -0.004 -1"><span class='ocrx_word' id='word_1_1' title='bbox 120 286 170 343; x_wconf 72' lang='lat' dir='ltr'>lie</span> <span class='ocrx_word' id='word_1_2' title='bbox 543 280 678 341; x_wconf 79' lang='lat' dir='ltr'>elossn</span> <span class='ocrx_word' id='word_1_3' title='bbox 697 281 903 341; x_wconf 76' lang='lat' dir='ltr'>ORDlNded.</span> <span class='ocrx_word' id='word_1_4' title='bbox 924 310 959 324; x_wconf 91' lang='lat'>·-</span> <span class='ocrx_word' id='word_1_5' title='bbox 973 281 1108 341; x_wconf 77' lang='lat' dir='ltr'>EVANG.</span> <span class='ocrx_word' id='word_1_6' title='bbox 1128 280 1258 341; x_wconf 75' lang='lat' dir='ltr'>Mirm.</span> <span class='ocrx_word' id='word_1_7' title='bbox 1726 277 1776 340; x_wconf 65' lang='lat'>150</span> 
     </span>
    </p>
   </div>
   <div class='ocr_carea' id='block_1_2' title="bbox 110 407 1775 2969">
    <p class='ocr_par' dir='ltr' id='par_1_2' title="bbox 110 407 1775 2969">
     <span class='ocr_line' id='line_1_2' title="bbox 112 407 1775 482; baseline 0.003 -16"><span class='ocrx_word' id='word_1_8' title='bbox 112 407 340 481; x_wconf 80' lang='lat' dir='ltr'>similesparuulo</span> <span class='ocrx_word' id='word_1_9' title='bbox 350 407 502 482; x_wconf 76' lang='lat' dir='ltr'>condignos</span> <span class='ocrx_word' id='word_1_10' title='bbox 512 423 574 464; x_wconf 91' lang='lat' dir='ltr'>esse</span> <span class='ocrx_word' id='word_1_11' title='bbox 584 423 671 482; x_wconf 77' lang='lat' dir='ltr'>regno</span> <span class='ocrx_word' id='word_1_12' title='bbox 679 449 686 479; x_wconf 89' lang='lat'>‚</span> <span class='ocrx_word' id='word_1_13' title='bbox 694 407 804 481; x_wconf 88' lang='lat' dir='ltr'>vultque</span> <span class='ocrx_word' id='word_1_14' title='bbox 814 407 915 463; x_wconf 91' lang='lat' dir='ltr'>certius</span> <span class='ocrx_word' id='word_1_15' title='bbox 925 407 954 472; x_wconf 86' lang='lat' dir='ltr'>A</span> <span class='ocrx_word' id='word_1_16' title='bbox 966 424 1083 476; x_wconf 80' lang='lat' dir='ltr'>coroner,</span> <span class='ocrx_word' id='word_1_17' title='bbox 1095 413 1123 466; x_wconf 87' lang='lat' dir='ltr'>et</span> <span class='ocrx_word' id='word_1_18' title='bbox 1138 409 1169 465; x_wconf 89' lang='lat' dir='ltr'>t&#39;n</span> <span class='ocrx_word' id='word_1_19' title='bbox 1179 412 1280 481; x_wconf 72' lang='lat' dir='ltr'>futuro</span> <span class='ocrx_word' id='word_1_20' title='bbox 1294 408 1383 466; x_wconf 86' lang='lat' dir='ltr'>uitem</span> <span class='ocrx_word' id='word_1_21' title='bbox 1393 411 1531 466; x_wconf 79' lang='lat' dir='ltr'>eternum</span> <span class='ocrx_word' id='word_1_22' title='bbox 1539 408 1683 481; x_wconf 58' lang='lat' dir='ltr'>(Mores),</span> <span class='ocrx_word' id='word_1_23' title='bbox 1690 407 1718 465; x_wconf 93' lang='lat' dir='ltr'>id</span> <span class='ocrx_word' id='word_1_24' title='bbox 1725 414 1775 470; x_wconf 69' lang='lat' dir='ltr'>esti</span> 
     </span>
     <span class='ocr_line' id='line_1_3' title="bbox 114 495 1772 571; baseline -0.002 -15"><span class='ocrx_word' id='word_1_25' title='bbox 114 513 169 556; x_wconf 87' lang='lat' dir='ltr'>non</span> <span class='ocrx_word' id='word_1_26' title='bbox 183 513 236 570; x_wconf 88' lang='lat' dir='ltr'>per</span> <span class='ocrx_word' id='word_1_27' title='bbox 250 497 397 570; x_wconf 81' lang='lat' dir='ltr'>parabolas</span> <span class='ocrx_word' id='word_1_28' title='bbox 407 496 455 554; x_wconf 90' lang='lat' dir='ltr'>sed</span> <span class='ocrx_word' id='word_1_29' title='bbox 471 504 565 570; x_wconf 86' lang='lat' dir='ltr'>aperte</span> <span class='ocrx_word' id='word_1_30' title='bbox 581 496 690 569; x_wconf 82' lang='lat' dir='ltr'>exponi,</span> <span class='ocrx_word' id='word_1_31' title='bbox 703 496 802 569; x_wconf 91' lang='lat' dir='ltr'>quibus</span> <span class='ocrx_word' id='word_1_32' title='bbox 817 495 923 552; x_wconf 90' lang='lat' dir='ltr'>meritis</span> <span class='ocrx_word' id='word_1_33' title='bbox 972 498 999 554; x_wconf 92' lang='lat' dir='ltr'>iu</span> <span class='ocrx_word' id='word_1_34' title='bbox 1013 498 1063 553; x_wconf 89' lang='lat' dir='ltr'>bac</span> <span class='ocrx_word' id='word_1_35' title='bbox 1078 497 1131 554; x_wconf 82' lang='lat' dir='ltr'>rita</span> <span class='ocrx_word' id='word_1_36' title='bbox 1144 498 1377 570; x_wconf 78' lang='lat' dir='ltr'>persecutionibus</span> <span class='ocrx_word' id='word_1_37' title='bbox 1391 497 1472 570; x_wconf 88' lang='lat' dir='ltr'>plena</span> <span class='ocrx_word' id='word_1_38' title='bbox 1485 497 1613 571; x_wconf 78' lang='lat' dir='ltr'>gaudium</span> <span class='ocrx_word' id='word_1_39' title='bbox 1629 497 1708 569; x_wconf 83' lang='lat' dir='ltr'>regni</span> <span class='ocrx_word' id='word_1_40' title='bbox 1723 496 1772 554; x_wconf 88' lang='lat' dir='ltr'>de·</span> 
     </span>
     <span class='ocr_line' id='line_1_4' title="bbox 114 585 1774 660; baseline 0 -18"><span class='ocrx_word' id='word_1_41' title='bbox 114 586 200 643; x_wconf 84' lang='lat' dir='ltr'>uitam</span> <span class='ocrx_word' id='word_1_42' title='bbox 223 587 312 658; x_wconf 88' lang='lat' dir='ltr'>possit</span> <span class='ocrx_word' id='word_1_43' title='bbox 337 586 479 660; x_wconf 76' lang='lat' dir='ltr'><strong>consequi.</strong></span> <span class='ocrx_word' id='word_1_44' title='bbox 511 587 522 656; x_wconf 90' lang='lat'>(</span> <span class='ocrx_word' id='word_1_45' title='bbox 535 586 639 656; x_wconf 80' lang='lat' dir='ltr'>lirun.)</span> <span class='ocrx_word' id='word_1_46' title='bbox 655 586 707 641; x_wconf 89' lang='lat' dir='ltr'>lste</span> <span class='ocrx_word' id='word_1_47' title='bbox 722 585 882 641; x_wconf 79' lang='lat' dir='ltr'>adolescens</span> <span class='ocrx_word' id='word_1_48' title='bbox 897 592 925 641; x_wconf 91' lang='lat' dir='ltr'>et</span> <span class='ocrx_word' id='word_1_49' title='bbox 972 596 1099 660; x_wconf 77' lang='lat' dir='ltr'>gustant,</span> <span class='ocrx_word' id='word_1_50' title='bbox 1134 597 1161 645; x_wconf 87' lang='lat' dir='ltr'>ct</span> <span class='ocrx_word' id='word_1_51' title='bbox 1186 588 1306 645; x_wconf 90' lang='lat' dir='ltr'>omnium</span> <span class='ocrx_word' id='word_1_52' title='bbox 1330 587 1475 644; x_wconf 89' lang='lat' dir='ltr'>clectomm</span> <span class='ocrx_word' id='word_1_53' title='bbox 1503 587 1607 643; x_wconf 88' lang='lat' dir='ltr'>sincera</span> <span class='ocrx_word' id='word_1_54' title='bbox 1630 585 1774 643; x_wconf 79' lang='lat' dir='ltr'>dilectione</span> 
     </span>
     <span class='ocr_line' id='line_1_5' title="bbox 114 673 1771 752; baseline -0.001 -21"><span class='ocrx_word' id='word_1_55' title='bbox 114 674 194 731; x_wconf 86' lang='lat' dir='ltr'>dives</span> <span class='ocrx_word' id='word_1_56' title='bbox 209 681 236 731; x_wconf 90' lang='lat' dir='ltr'>et</span> <span class='ocrx_word' id='word_1_57' title='bbox 252 675 388 747; x_wconf 92' lang='lat' dir='ltr'>superbus</span> <span class='ocrx_word' id='word_1_58' title='bbox 404 682 473 731; x_wconf 88' lang='lat' dir='ltr'>erat.</span> <span class='ocrx_word' id='word_1_59' title='bbox 489 674 524 729; x_wconf 83' lang='lat' dir='ltr'>lit</span> <span class='ocrx_word' id='word_1_60' title='bbox 539 673 689 731; x_wconf 90' lang='lat' dir='ltr'>secundum</span> <span class='ocrx_word' id='word_1_61' title='bbox 705 674 786 729; x_wconf 89' lang='lat' dir='ltr'>aliurn</span> <span class='ocrx_word' id='word_1_62' title='bbox 802 689 921 746; x_wconf 81' lang='lat' dir='ltr'>cvange-</span> <span class='ocrx_word' id='word_1_63' title='bbox 971 675 1101 734; x_wconf 77' lang='lat' dir='ltr'>fruuntur.</span> <span class='ocrx_word' id='word_1_64' title='bbox 1119 677 1172 735; x_wconf 91' lang='lat' dir='ltr'>Scd</span> <span class='ocrx_word' id='word_1_65' title='bbox 1189 678 1250 752; x_wconf 89' lang='lat' dir='ltr'>quia</span> <span class='ocrx_word' id='word_1_66' title='bbox 1264 677 1339 732; x_wconf 91' lang='lat' dir='ltr'>multi</span> <span class='ocrx_word' id='word_1_67' title='bbox 1356 685 1496 749; x_wconf 87' lang='lat' dir='ltr'>tepescunt</span> <span class='ocrx_word' id='word_1_68' title='bbox 1520 677 1564 734; x_wconf 83' lang='lat' dir='ltr'>uel</span> <span class='ocrx_word' id='word_1_69' title='bbox 1592 674 1771 743; x_wconf 90' lang='lat' dir='ltr'>retrocedunt,</span> 
     </span>
     <span class='ocr_line' id='line_1_6' title="bbox 113 762 1770 840; baseline -0.001 -20"><span class='ocrx_word' id='word_1_70' title='bbox 113 763 207 820; x_wconf 86' lang='lat' dir='ltr'>lislam</span> <span class='ocrx_word' id='word_1_71' title='bbox 216 779 278 819; x_wconf 89' lang='lat' dir='ltr'>eum</span> <span class='ocrx_word' id='word_1_72' title='bbox 289 779 344 820; x_wconf 92' lang='lat' dir='ltr'>non</span> <span class='ocrx_word' id='word_1_73' title='bbox 355 771 418 820; x_wconf 85' lang='lat' dir='ltr'>voto</span> <span class='ocrx_word' id='word_1_74' title='bbox 429 763 750 819; x_wconf 87' lang='lat' dir='ltr'>discentissedtentantis</span> <span class='ocrx_word' id='word_1_75' title='bbox 759 762 920 840; x_wconf 72' lang='lat' dir='ltr'>interrogat.</span> <span class='ocrx_word' id='word_1_76' title='bbox 973 767 1085 822; x_wconf 87' lang='lat' dir='ltr'>subdit:</span> <span class='ocrx_word' id='word_1_77' title='bbox 1100 767 1182 824; x_wconf 85' lang='lat' dir='ltr'>liniti</span> <span class='ocrx_word' id='word_1_78' title='bbox 1204 771 1303 823; x_wconf 85' lang='lat' dir='ltr'>cutem</span> <span class='ocrx_word' id='word_1_79' title='bbox 1318 771 1405 823; x_wconf 65' lang='lat' dir='ltr'>eruin</span> <span class='ocrx_word' id='word_1_80' title='bbox 1418 766 1507 840; x_wconf 83' lang='lat' dir='ltr'>primi</span> <span class='ocrx_word' id='word_1_81' title='bbox 1529 766 1616 838; x_wconf 85' lang='lat' dir='ltr'>(lue.</span> <span class='ocrx_word' id='word_1_82' title='bbox 1633 778 1673 820; x_wconf 85' lang='lat' dir='ltr'>xv</span> <span class='ocrx_word' id='word_1_83' title='bbox 1683 765 1702 836; x_wconf 90' lang='lat'>),</span> <span class='ocrx_word' id='word_1_84' title='bbox 1718 770 1770 820; x_wconf 89' lang='lat' dir='ltr'>etc.</span> 
     </span>
     <span class='ocr_line' id='line_1_7' title="bbox 152 849 1451 924; baseline 0.001 -15"><span class='ocrx_word' id='word_1_85' title='bbox 152 852 243 909; x_wconf 77' lang='lat' dir='ltr'>Vana.</span> <span class='ocrx_word' id='word_1_86' title='bbox 262 854 306 908; x_wconf 78' lang='lat'>17.</span> <span class='ocrx_word' id='word_1_87' title='bbox 327 882 362 894; x_wconf 90' lang='lat'><em>-</em></span> <span class='ocrx_word' id='word_1_88' title='bbox 382 852 453 920; x_wconf 85' lang='lat' dir='ltr'>Quid</span> <span class='ocrx_word' id='word_1_89' title='bbox 468 869 512 907; x_wconf 87' lang='lat' dir='ltr'>mc</span> <span class='ocrx_word' id='word_1_90' title='bbox 524 852 683 924; x_wconf 82' lang='lat' dir='ltr'>interropos</span> <span class='ocrx_word' id='word_1_91' title='bbox 698 851 731 908; x_wconf 86' lang='lat' dir='ltr'>de</span> <span class='ocrx_word' id='word_1_92' title='bbox 745 852 837 908; x_wconf 84' lang='lat' dir='ltr'>bono?</span> <span class='ocrx_word' id='word_1_93' title='bbox 852 849 922 919; x_wconf 84' lang='lat' dir='ltr'>Quia</span> <span class='ocrx_word' id='word_1_94' title='bbox 1259 855 1372 912; x_wconf 82' lang='lat' dir='ltr'><strong>CAPUT</strong></span> <span class='ocrx_word' id='word_1_95' title='bbox 1386 854 1451 911; x_wconf 68' lang='lat' dir='ltr'>iel.</span> 
     </span>
     <span class='ocr_line' id='line_1_8' title="bbox 115 939 1773 1017; baseline 0.001 -20"><span class='ocrx_word' id='word_1_96' title='bbox 115 942 219 998; x_wconf 89' lang='lat' dir='ltr'>bonum</span> <span class='ocrx_word' id='word_1_97' title='bbox 243 940 311 996; x_wconf 87' lang='lat' dir='ltr'>dixit</span> <span class='ocrx_word' id='word_1_98' title='bbox 333 941 507 1014; x_wconf 81' lang='lat' dir='ltr'>magistrum,</span> <span class='ocrx_word' id='word_1_99' title='bbox 525 948 551 995; x_wconf 86' lang='lat' dir='ltr'>et</span> <span class='ocrx_word' id='word_1_100' title='bbox 566 955 620 995; x_wconf 90' lang='lat' dir='ltr'>non</span> <span class='ocrx_word' id='word_1_101' title='bbox 635 942 737 1009; x_wconf 87' lang='lat' dir='ltr'>Deum,</span> <span class='ocrx_word' id='word_1_102' title='bbox 753 939 798 994; x_wconf 82' lang='lat' dir='ltr'>rel</span> <span class='ocrx_word' id='word_1_103' title='bbox 812 940 861 995; x_wconf 89' lang='lat' dir='ltr'>Dei</span> <span class='ocrx_word' id='word_1_104' title='bbox 878 939 921 996; x_wconf 87' lang='lat' dir='ltr'>Fi·</span> <span class='ocrx_word' id='word_1_105' title='bbox 1008 945 1093 1001; x_wconf 81' lang='lat' dir='ltr'>Vens,</span> <span class='ocrx_word' id='word_1_106' title='bbox 1106 948 1131 1000; x_wconf 93' lang='lat' dir='ltr'>l.</span> <span class='ocrx_word' id='word_1_107' title='bbox 1144 973 1178 987; x_wconf 88' lang='lat'>-·</span> <span class='ocrx_word' id='word_1_108' title='bbox 1189 946 1286 1003; x_wconf 87' lang='lat' dir='ltr'>Simile</span> <span class='ocrx_word' id='word_1_109' title='bbox 1302 949 1344 1000; x_wconf 80' lang='lat' dir='ltr'>eat</span> <span class='ocrx_word' id='word_1_110' title='bbox 1355 961 1483 1017; x_wconf 80' lang='lat' dir='ltr'>repnnrn.</span> <span class='ocrx_word' id='word_1_111' title='bbox 1497 943 1620 1001; x_wconf 79' lang='lat' dir='ltr'>Ostendit</span> <span class='ocrx_word' id='word_1_112' title='bbox 1635 958 1684 1016; x_wconf 89' lang='lat' dir='ltr'>per</span> <span class='ocrx_word' id='word_1_113' title='bbox 1695 958 1773 1016; x_wconf 88' lang='lat' dir='ltr'>para-</span> 
     </span>
     <span class='ocr_line' id='line_1_9' title="bbox 116 1028 1770 1106; baseline 0.001 -21"><span class='ocrx_word' id='word_1_114' title='bbox 116 1029 184 1085; x_wconf 88' lang='lat' dir='ltr'>lium</span> <span class='ocrx_word' id='word_1_115' title='bbox 199 1029 345 1086; x_wconf 80' lang='lat' dir='ltr'>coufessus</span> <span class='ocrx_word' id='word_1_116' title='bbox 360 1037 401 1084; x_wconf 90' lang='lat' dir='ltr'>est</span> <span class='ocrx_word' id='word_1_117' title='bbox 414 1028 497 1084; x_wconf 90' lang='lat' dir='ltr'>:dicit</span> <span class='ocrx_word' id='word_1_118' title='bbox 512 1028 660 1101; x_wconf 84' lang='lat' dir='ltr'>quemlibet</span> <span class='ocrx_word' id='word_1_119' title='bbox 685 1035 809 1083; x_wconf 88' lang='lat' dir='ltr'>sanctum</span> <span class='ocrx_word' id='word_1_120' title='bbox 830 1028 920 1082; x_wconf 92' lang='lat' dir='ltr'>homi·</span> <span class='ocrx_word' id='word_1_121' title='bbox 971 1032 1071 1100; x_wconf 83' lang='lat' dir='ltr'>bolam,</span> <span class='ocrx_word' id='word_1_122' title='bbox 1082 1033 1143 1106; x_wconf 90' lang='lat' dir='ltr'>quia</span> <span class='ocrx_word' id='word_1_123' title='bbox 1155 1033 1233 1104; x_wconf 91' lang='lat' dir='ltr'>primi</span> <span class='ocrx_word' id='word_1_124' title='bbox 1246 1033 1481 1102; x_wconf 86' lang='lat' dir='ltr'>eruntncrissimi,</span> <span class='ocrx_word' id='word_1_125' title='bbox 1494 1041 1520 1087; x_wconf 89' lang='lat' dir='ltr'>et</span> <span class='ocrx_word' id='word_1_126' title='bbox 1529 1031 1669 1088; x_wconf 82' lang='lat' dir='ltr'>novissimi</span> <span class='ocrx_word' id='word_1_127' title='bbox 1682 1030 1770 1103; x_wconf 87' lang='lat' dir='ltr'>primi.</span> 
     </span>
     <span class='ocr_line' id='line_1_10' title="bbox 111 1116 1774 1192; baseline -0.001 -15"><span class='ocrx_word' id='word_1_128' title='bbox 111 1134 176 1174; x_wconf 87' lang='lat' dir='ltr'>nem</span> <span class='ocrx_word' id='word_1_129' title='bbox 198 1119 404 1189; x_wconf 86' lang='lat' dir='ltr'>comparatione</span> <span class='ocrx_word' id='word_1_130' title='bbox 423 1118 474 1173; x_wconf 85' lang='lat' dir='ltr'>Dei</span> <span class='ocrx_word' id='word_1_131' title='bbox 498 1133 553 1172; x_wconf 88' lang='lat' dir='ltr'>nou</span> <span class='ocrx_word' id='word_1_132' title='bbox 580 1133 640 1172; x_wconf 85' lang='lat' dir='ltr'>esse</span> <span class='ocrx_word' id='word_1_133' title='bbox 662 1116 920 1172; x_wconf 75' lang='lat' dir='ltr'>bonum-Christus</span> <span class='ocrx_word' id='word_1_134' title='bbox 971 1124 1048 1179; x_wconf 84' lang='lat' dir='ltr'>Pater</span> <span class='ocrx_word' id='word_1_135' title='bbox 1071 1122 1122 1179; x_wconf 86' lang='lat' dir='ltr'>iste</span> <span class='ocrx_word' id='word_1_136' title='bbox 1145 1122 1260 1177; x_wconf 82' lang='lat' dir='ltr'>familias</span> <span class='ocrx_word' id='word_1_137' title='bbox 1280 1122 1403 1177; x_wconf 70' lang='lat' dir='ltr'>conititor</span> <span class='ocrx_word' id='word_1_138' title='bbox 1426 1129 1518 1177; x_wconf 86' lang='lat' dir='ltr'>noster</span> <span class='ocrx_word' id='word_1_139' title='bbox 1544 1129 1601 1189; x_wconf 83' lang='lat' dir='ltr'>cst,</span> <span class='ocrx_word' id='word_1_140' title='bbox 1625 1120 1670 1192; x_wconf 80' lang='lat' dir='ltr'>qni</span> <span class='ocrx_word' id='word_1_141' title='bbox 1693 1119 1774 1178; x_wconf 85' lang='lat' dir='ltr'>babet</span> 
     </span>
     <span class='ocr_line' id='line_1_11' title="bbox 113 1204 1768 1281; baseline -0.003 -13"><span class='ocrx_word' id='word_1_142' title='bbox 113 1215 207 1263; x_wconf 70' lang='lat' dir='ltr'>aulem</span> <span class='ocrx_word' id='word_1_143' title='bbox 221 1223 276 1262; x_wconf 80' lang='lat'>11011</span> <span class='ocrx_word' id='word_1_144' title='bbox 293 1208 383 1262; x_wconf 74' lang='lat' dir='ltr'>renuit</span> <span class='ocrx_word' id='word_1_145' title='bbox 397 1206 583 1262; x_wconf 72' lang='lat' dir='ltr'>testimonium</span> <span class='ocrx_word' id='word_1_146' title='bbox 599 1204 738 1270; x_wconf 67' lang='lat' dir='ltr'>bonilatis,</span> <span class='ocrx_word' id='word_1_147' title='bbox 756 1204 805 1260; x_wconf 73' lang='lat' dir='ltr'>sed</span> <span class='ocrx_word' id='word_1_148' title='bbox 821 1206 921 1278; x_wconf 68' lang='lat' dir='ltr'>magis·</span> <span class='ocrx_word' id='word_1_149' title='bbox 971 1212 1097 1281; x_wconf 86' lang='lat' dir='ltr'>vineam,</span> <span class='ocrx_word' id='word_1_150' title='bbox 1122 1209 1301 1266; x_wconf 75' lang='lat' dir='ltr'>universalem</span> <span class='ocrx_word' id='word_1_151' title='bbox 1325 1210 1491 1276; x_wconf 83' lang='lat' dir='ltr'>Ecclesiam,</span> <span class='ocrx_word' id='word_1_152' title='bbox 1517 1210 1624 1281; x_wconf 79' lang='lat' dir='ltr'>‹1umnb</span> <span class='ocrx_word' id='word_1_153' title='bbox 1639 1207 1768 1264; x_wconf 79' lang='lat' dir='ltr'>abelus-</span> 
     </span>
     <span class='ocr_line' id='line_1_12' title="bbox 111 1294 1772 1375; baseline 0.004 -28"><span class='ocrx_word' id='word_1_154' title='bbox 111 1297 148 1352; x_wconf 83' lang='lat' dir='ltr'>tri</span> <span class='ocrx_word' id='word_1_155' title='bbox 160 1297 268 1370; x_wconf 85' lang='lat' dir='ltr'>absque</span> <span class='ocrx_word' id='word_1_156' title='bbox 284 1297 343 1351; x_wconf 82' lang='lat' dir='ltr'>Deo</span> <span class='ocrx_word' id='word_1_157' title='bbox 358 1295 477 1350; x_wconf 79' lang='lat' dir='ltr'>excludit</span> <span class='ocrx_word' id='word_1_158' title='bbox 488 1309 621 1351; x_wconf 87' lang='lat' dir='ltr'>errorem.</span> <span class='ocrx_word' id='word_1_159' title='bbox 633 1294 694 1350; x_wconf 82' lang='lat' dir='ltr'>Non</span> <span class='ocrx_word' id='word_1_160' title='bbox 706 1309 736 1350; x_wconf 89' lang='lat' dir='ltr'>se</span> <span class='ocrx_word' id='word_1_161' title='bbox 756 1294 918 1367; x_wconf 83' lang='lat' dir='ltr'>magistrum</span> <span class='ocrx_word' id='word_1_162' title='bbox 970 1319 1022 1375; x_wconf 91' lang='lat' dir='ltr'>qne</span> <span class='ocrx_word' id='word_1_163' title='bbox 1046 1302 1080 1355; x_wconf 90' lang='lat' dir='ltr'>ad</span> <span class='ocrx_word' id='word_1_164' title='bbox 1104 1300 1225 1356; x_wconf 89' lang='lat' dir='ltr'>ultimum</span> <span class='ocrx_word' id='word_1_165' title='bbox 1243 1300 1357 1354; x_wconf 85' lang='lat' dir='ltr'>electum</span> <span class='ocrx_word' id='word_1_166' title='bbox 1379 1299 1423 1371; x_wconf 80' lang='lat' dir='ltr'>qui</span> <span class='ocrx_word' id='word_1_167' title='bbox 1448 1296 1539 1353; x_wconf 80' lang='lat' dir='ltr'>induc</span> <span class='ocrx_word' id='word_1_168' title='bbox 1561 1299 1710 1354; x_wconf 86' lang='lat' dir='ltr'>nasciturus</span> <span class='ocrx_word' id='word_1_169' title='bbox 1730 1307 1772 1355; x_wconf 89' lang='lat' dir='ltr'>est</span> 
     </span>
     <span class='ocr_line' id='line_1_13' title="bbox 111 1381 1771 1462; baseline -0.005 -12"><span class='ocrx_word' id='word_1_170' title='bbox 111 1384 217 1441; x_wconf 74' lang='lat' dir='ltr'>bonum</span> <span class='ocrx_word' id='word_1_171' title='bbox 232 1400 295 1440; x_wconf 69' lang='lat'>0888</span> <span class='ocrx_word' id='word_1_172' title='bbox 310 1383 638 1457; x_wconf 62' lang='lat' dir='ltr'>negtltsedmssgislfflm</span> <span class='ocrx_word' id='word_1_173' title='bbox 654 1383 758 1456; x_wconf 72' lang='lat' dir='ltr'>absque</span> <span class='ocrx_word' id='word_1_174' title='bbox 774 1383 832 1439; x_wconf 72' lang='lat' dir='ltr'>Deo</span> <span class='ocrx_word' id='word_1_175' title='bbox 855 1381 919 1438; x_wconf 81' lang='lat' dir='ltr'>nul·</span> <span class='ocrx_word' id='word_1_176' title='bbox 970 1398 1100 1462; x_wconf 79' lang='lat' dir='ltr'>qttotquel</span> <span class='ocrx_word' id='word_1_177' title='bbox 1122 1398 1232 1444; x_wconf 87' lang='lat' dir='ltr'>sanctos</span> <span class='ocrx_word' id='word_1_178' title='bbox 1255 1387 1379 1459; x_wconf 87' lang='lat' dir='ltr'>protulit,</span> <span class='ocrx_word' id='word_1_179' title='bbox 1405 1394 1443 1442; x_wconf 91' lang='lat' dir='ltr'>tot</span> <span class='ocrx_word' id='word_1_180' title='bbox 1466 1386 1591 1459; x_wconf 82' lang='lat' dir='ltr'>palmites</span> <span class='ocrx_word' id='word_1_181' title='bbox 1616 1387 1698 1442; x_wconf 85' lang='lat' dir='ltr'>misit.</span> <span class='ocrx_word' id='word_1_182' title='bbox 1723 1387 1771 1442; x_wconf 85' lang='lat' dir='ltr'>llic</span> 
     </span>
     <span class='ocr_line' id='line_1_14' title="bbox 111 1471 1769 1550; baseline -0.001 -19"><span class='ocrx_word' id='word_1_183' title='bbox 111 1474 170 1529; x_wconf 90' lang='lat' dir='ltr'>lum</span> <span class='ocrx_word' id='word_1_184' title='bbox 185 1473 290 1529; x_wconf 88' lang='lat' dir='ltr'>bonum</span> <span class='ocrx_word' id='word_1_185' title='bbox 305 1489 367 1529; x_wconf 89' lang='lat' dir='ltr'>esse</span> <span class='ocrx_word' id='word_1_186' title='bbox 381 1472 456 1528; x_wconf 88' lang='lat' dir='ltr'>dicit.</span> <span class='ocrx_word' id='word_1_187' title='bbox 474 1473 559 1530; x_wconf 84' lang='lat' dir='ltr'>Serva</span> <span class='ocrx_word' id='word_1_188' title='bbox 573 1472 721 1528; x_wconf 82' lang='lat' dir='ltr'>mandatu.</span> <span class='ocrx_word' id='word_1_189' title='bbox 733 1473 787 1526; x_wconf 88' lang='lat' dir='ltr'>lste</span> <span class='ocrx_word' id='word_1_190' title='bbox 802 1471 919 1544; x_wconf 82' lang='lat' dir='ltr'>quaesic·</span> <span class='ocrx_word' id='word_1_191' title='bbox 969 1486 1046 1550; x_wconf 87' lang='lat' dir='ltr'>pater</span> <span class='ocrx_word' id='word_1_192' title='bbox 1063 1477 1127 1533; x_wconf 84' lang='lat' dir='ltr'>exiit</span> <span class='ocrx_word' id='word_1_193' title='bbox 1143 1477 1177 1532; x_wconf 87' lang='lat' dir='ltr'>ad</span> <span class='ocrx_word' id='word_1_194' title='bbox 1189 1476 1364 1533; x_wconf 79' lang='lat' dir='ltr'>excolendam</span> <span class='ocrx_word' id='word_1_195' title='bbox 1378 1476 1485 1530; x_wconf 82' lang='lat' dir='ltr'>uincam</span> <span class='ocrx_word' id='word_1_196' title='bbox 1503 1490 1580 1530; x_wconf 88' lang='lat' dir='ltr'>mane</span> <span class='ocrx_word' id='word_1_197' title='bbox 1595 1475 1658 1530; x_wconf 85' lang='lat' dir='ltr'>liora</span> <span class='ocrx_word' id='word_1_198' title='bbox 1682 1476 1769 1536; x_wconf 87' lang='lat' dir='ltr'>tertia.</span> 
     </span>
     <span class='ocr_line' id='line_1_15' title="bbox 110 1560 1772 1636; baseline 0.003 -24"><span class='ocrx_word' id='word_1_199' title='bbox 110 1571 165 1629; x_wconf 76' lang='lat' dir='ltr'>rat,</span> <span class='ocrx_word' id='word_1_200' title='bbox 183 1563 251 1635; x_wconf 87' lang='lat' dir='ltr'>quid</span> <span class='ocrx_word' id='word_1_201' title='bbox 267 1560 389 1617; x_wconf 85' lang='lat' dir='ltr'>iaeiami</span> <span class='ocrx_word' id='word_1_202' title='bbox 404 1561 507 1617; x_wconf 85' lang='lat' dir='ltr'>Contra</span> <span class='ocrx_word' id='word_1_203' title='bbox 521 1576 576 1616; x_wconf 92' lang='lat' dir='ltr'>non</span> <span class='ocrx_word' id='word_1_204' title='bbox 587 1561 632 1626; x_wconf 90' lang='lat' dir='ltr'>ait,</span> <span class='ocrx_word' id='word_1_205' title='bbox 650 1561 726 1616; x_wconf 89' lang='lat' dir='ltr'>disee</span> <span class='ocrx_word' id='word_1_206' title='bbox 742 1577 749 1615; x_wconf 75' lang='grc' dir='ltr'>ε</span> <span class='ocrx_word' id='word_1_207' title='bbox 766 1561 829 1632; x_wconf 89' lang='lat' dir='ltr'>quia</span> <span class='ocrx_word' id='word_1_208' title='bbox 843 1562 918 1616; x_wconf 88' lang='lat' dir='ltr'>Deus</span> <span class='ocrx_word' id='word_1_209' title='bbox 970 1574 1055 1632; x_wconf 84' lang='lat' dir='ltr'>sexta,</span> <span class='ocrx_word' id='word_1_210' title='bbox 1071 1581 1161 1631; x_wconf 90' lang='grc' dir='ltr'>ιιοιιι,</span> <span class='ocrx_word' id='word_1_211' title='bbox 1186 1565 1329 1622; x_wconf 89' lang='lat' dir='ltr'>undecima</span> <span class='ocrx_word' id='word_1_212' title='bbox 1353 1564 1491 1636; x_wconf 86' lang='lat' dir='ltr'>operarios</span> <span class='ocrx_word' id='word_1_213' title='bbox 1506 1563 1635 1619; x_wconf 83' lang='lat' dir='ltr'>conduxit</span> <span class='ocrx_word' id='word_1_214' title='bbox 1650 1561 1772 1619; x_wconf 88' lang='lat' dir='ltr'>emundi</span> 
     </span>
     <span class='ocr_line' id='line_1_16' title="bbox 112 1648 1773 1727; baseline -0.009 -19"><span class='ocrx_word' id='word_1_215' title='bbox 112 1667 175 1708; x_wconf 89' lang='lat' dir='ltr'>eum</span> <span class='ocrx_word' id='word_1_216' title='bbox 192 1651 326 1707; x_wconf 91' lang='lat' dir='ltr'>docuerat</span> <span class='ocrx_word' id='word_1_217' title='bbox 342 1649 430 1706; x_wconf 86' lang='lat' dir='ltr'>lactor</span> <span class='ocrx_word' id='word_1_218' title='bbox 445 1649 586 1705; x_wconf 87' lang='lat' dir='ltr'>rationalis</span> <span class='ocrx_word' id='word_1_219' title='bbox 596 1656 730 1706; x_wconf 85' lang='lat' dir='ltr'>creaturae</span> <span class='ocrx_word' id='word_1_220' title='bbox 746 1667 752 1703; x_wconf 88' lang='lat'>:</span> <span class='ocrx_word' id='word_1_221' title='bbox 770 1648 917 1704; x_wconf 88' lang='lat' dir='ltr'>ostendens</span> <span class='ocrx_word' id='word_1_222' title='bbox 974 1656 1052 1725; x_wconf 69' lang='lat' dir='ltr'>liujus</span> <span class='ocrx_word' id='word_1_223' title='bbox 1077 1655 1153 1710; x_wconf 73' lang='lat' dir='ltr'>initio</span> <span class='ocrx_word' id='word_1_224' title='bbox 1176 1670 1261 1727; x_wconf 69' lang='lat' dir='ltr'>usque</span> <span class='ocrx_word' id='word_1_225' title='bbox 1282 1654 1315 1708; x_wconf 72' lang='lat' dir='ltr'>ad</span> <span class='ocrx_word' id='word_1_226' title='bbox 1331 1652 1410 1710; x_wconf 60' lang='lat' dir='ltr'>finem</span> <span class='ocrx_word' id='word_1_227' title='bbox 1429 1672 1435 1708; x_wconf 84' lang='grc'>;</span> <span class='ocrx_word' id='word_1_228' title='bbox 1453 1653 1486 1708; x_wconf 65' lang='lat' dir='ltr'>ad</span> <span class='ocrx_word' id='word_1_229' title='bbox 1512 1652 1688 1709; x_wconf 66' lang='lat' dir='ltr'>erudiendam</span> <span class='ocrx_word' id='word_1_230' title='bbox 1703 1650 1773 1707; x_wconf 67' lang='lat' dir='ltr'>fide.</span> 
     </span>
     <span class='ocr_line' id='line_1_17' title="bbox 111 1735 1773 1827; baseline -0.004 -24"><span class='ocrx_word' id='word_1_231' title='bbox 111 1739 176 1812; x_wconf 80' lang='lat' dir='ltr'>qnia</span> <span class='ocrx_word' id='word_1_232' title='bbox 192 1739 241 1795; x_wconf 84' lang='lat' dir='ltr'>ille</span> <span class='ocrx_word' id='word_1_233' title='bbox 255 1755 311 1794; x_wconf 85' lang='lat' dir='ltr'>non</span> <span class='ocrx_word' id='word_1_234' title='bbox 327 1745 368 1793; x_wconf 83' lang='lat' dir='ltr'>est</span> <span class='ocrx_word' id='word_1_235' title='bbox 383 1739 470 1796; x_wconf 83' lang='lat' dir='ltr'>bonus</span> <span class='ocrx_word' id='word_1_236' title='bbox 481 1739 526 1812; x_wconf 84' lang='lat' dir='ltr'>qui</span> <span class='ocrx_word' id='word_1_237' title='bbox 542 1739 639 1812; x_wconf 73' lang='lat' dir='ltr'>querit</span> <span class='ocrx_word' id='word_1_238' title='bbox 663 1738 697 1793; x_wconf 83' lang='lat' dir='ltr'>de</span> <span class='ocrx_word' id='word_1_239' title='bbox 712 1737 795 1803; x_wconf 81' lang='lat' dir='ltr'>bono,</span> <span class='ocrx_word' id='word_1_240' title='bbox 812 1737 861 1793; x_wconf 79' lang='lat' dir='ltr'>scu</span> <span class='ocrx_word' id='word_1_241' title='bbox 872 1735 918 1808; x_wconf 86' lang='lat' dir='ltr'>qui</span> <span class='ocrx_word' id='word_1_242' title='bbox 934 1743 1036 1827; x_wconf 75' lang='lat' dir='ltr'>Bliun</span> <span class='ocrx_word' id='word_1_243' title='bbox 1052 1743 1161 1815; x_wconf 83' lang='lat' dir='ltr'>plebem</span> <span class='ocrx_word' id='word_1_244' title='bbox 1176 1742 1367 1815; x_wconf 73' lang='lat' dir='ltr'>predicatores</span> <span class='ocrx_word' id='word_1_245' title='bbox 1391 1742 1499 1797; x_wconf 82' lang='lat' dir='ltr'>mittere</span> <span class='ocrx_word' id='word_1_246' title='bbox 1522 1755 1576 1797; x_wconf 88' lang='lat' dir='ltr'>nnn</span> <span class='ocrx_word' id='word_1_247' title='bbox 1599 1739 1714 1796; x_wconf 82' lang='lat' dir='ltr'>desistit.</span> <span class='ocrx_word' id='word_1_248' title='bbox 1731 1741 1773 1799; x_wconf 66' lang='lat' dir='ltr'>st»</span> 
     </span>
     <span class='ocr_line' id='line_1_18' title="bbox 112 1827 1771 1903; baseline 0 -19"><span class='ocrx_word' id='word_1_249' title='bbox 112 1827 181 1885; x_wconf 88' lang='lat' dir='ltr'>lacit</span> <span class='ocrx_word' id='word_1_250' title='bbox 196 1827 271 1901; x_wconf 87' lang='lat' dir='ltr'>quod</span> <span class='ocrx_word' id='word_1_251' title='bbox 285 1829 388 1883; x_wconf 92' lang='lat' dir='ltr'>bonum</span> <span class='ocrx_word' id='word_1_252' title='bbox 404 1835 454 1884; x_wconf 90' lang='lat' dir='ltr'>est.</span> <span class='ocrx_word' id='word_1_253' title='bbox 973 1833 1040 1888; x_wconf 77' lang='lat' dir='ltr'>anile</span> <span class='ocrx_word' id='word_1_254' title='bbox 1056 1837 1098 1888; x_wconf 84' lang='lat' dir='ltr'>ert</span> <span class='ocrx_word' id='word_1_255' title='bbox 1110 1848 1237 1903; x_wconf 80' lang='lat' dir='ltr'>repetam.</span> <span class='ocrx_word' id='word_1_256' title='bbox 1249 1831 1310 1886; x_wconf 82' lang='lat' dir='ltr'>Non</span> <span class='ocrx_word' id='word_1_257' title='bbox 1322 1830 1422 1886; x_wconf 87' lang='lat' dir='ltr'>bomini</span> <span class='ocrx_word' id='word_1_258' title='bbox 1434 1829 1531 1895; x_wconf 91' lang='lat' dir='ltr'>solum,</span> <span class='ocrx_word' id='word_1_259' title='bbox 1544 1829 1592 1885; x_wconf 88' lang='lat' dir='ltr'>scd</span> <span class='ocrx_word' id='word_1_260' title='bbox 1604 1829 1651 1885; x_wconf 91' lang='lat' dir='ltr'>toti</span> <span class='ocrx_word' id='word_1_261' title='bbox 1662 1828 1771 1902; x_wconf 79' lang='lat' dir='ltr'>negotio</span> 
     </span>
     <span class='ocr_line' id='line_1_19' title="bbox 147 1913 1771 1992; baseline 0.001 -21"><span class='ocrx_word' id='word_1_262' title='bbox 147 1916 236 1974; x_wconf 78' lang='lat' dir='ltr'>Vane.</span> <span class='ocrx_word' id='word_1_263' title='bbox 254 1913 920 1984; x_wconf 65' lang='lat' dir='ltr'>20.-btcttetntotescens.(neutricum-</span> <span class='ocrx_word' id='word_1_264' title='bbox 972 1921 1005 1975; x_wconf 91' lang='lat' dir='ltr'>ab</span> <span class='ocrx_word' id='word_1_265' title='bbox 1027 1920 1137 1977; x_wconf 92' lang='lat' dir='ltr'>homine</span> <span class='ocrx_word' id='word_1_266' title='bbox 1160 1929 1254 1992; x_wconf 83' lang='lat' dir='ltr'>gesto,</span> <span class='ocrx_word' id='word_1_267' title='bbox 1285 1928 1311 1976; x_wconf 90' lang='lat' dir='ltr'>cl</span> <span class='ocrx_word' id='word_1_268' title='bbox 1334 1920 1360 1974; x_wconf 93' lang='lat' dir='ltr'>in</span> <span class='ocrx_word' id='word_1_269' title='bbox 1376 1919 1508 1975; x_wconf 91' lang='lat' dir='ltr'>similibus</span> <span class='ocrx_word' id='word_1_270' title='bbox 1527 1918 1659 1975; x_wconf 88' lang='lat' dir='ltr'>similiter.</span> <span class='ocrx_word' id='word_1_271' title='bbox 1677 1919 1771 1973; x_wconf 84' lang='lat' dir='ltr'>Primo</span> 
     </span>
     <span class='ocr_line' id='line_1_20' title="bbox 110 2003 1770 2082; baseline -0.001 -18"><span class='ocrx_word' id='word_1_272' title='bbox 110 2005 212 2061; x_wconf 69' lang='lat' dir='ltr'>tandm</span> <span class='ocrx_word' id='word_1_273' title='bbox 222 2005 275 2061; x_wconf 84' lang='lat' dir='ltr'>iste</span> <span class='ocrx_word' id='word_1_274' title='bbox 286 2007 326 2075; x_wconf 86' lang='lat' dir='ltr'>(ut</span> <span class='ocrx_word' id='word_1_275' title='bbox 336 2004 447 2076; x_wconf 81' lang='lat' dir='ltr'>quidem</span> <span class='ocrx_word' id='word_1_276' title='bbox 457 2005 543 2075; x_wconf 78' lang='lat' dir='ltr'>aiunt)</span> <span class='ocrx_word' id='word_1_277' title='bbox 559 2003 603 2060; x_wconf 78' lang='lat' dir='ltr'>vel</span> <span class='ocrx_word' id='word_1_278' title='bbox 623 2003 767 2060; x_wconf 81' lang='lat' dir='ltr'>Dominum</span> <span class='ocrx_word' id='word_1_279' title='bbox 788 2009 918 2073; x_wconf 64' lang='lat' dir='ltr'>tentasse,</span> <span class='ocrx_word' id='word_1_280' title='bbox 972 2027 1066 2066; x_wconf 87' lang='lat' dir='ltr'>mune.</span> <span class='ocrx_word' id='word_1_281' title='bbox 1078 2009 1219 2066; x_wconf 84' lang='lat' dir='ltr'>llaniicste</span> <span class='ocrx_word' id='word_1_282' title='bbox 1229 2008 1435 2082; x_wconf 88' lang='lat' dir='ltr'>caepitaprimc</span> <span class='ocrx_word' id='word_1_283' title='bbox 1447 2007 1521 2077; x_wconf 87' lang='lat' dir='ltr'>justo</span> <span class='ocrx_word' id='word_1_284' title='bbox 1531 2014 1630 2064; x_wconf 82' lang='lat' dir='ltr'>aeterna</span> <span class='ocrx_word' id='word_1_285' title='bbox 1645 2004 1770 2064; x_wconf 82' lang='lat' dir='ltr'>mercede</span> 
     </span>
     <span class='ocr_line' id='line_1_21' title="bbox 111 2090 1697 2172; baseline -0.006 -14"><span class='ocrx_word' id='word_1_286' title='bbox 111 2095 156 2151; x_wconf 70' lang='lat' dir='ltr'>vel</span> <span class='ocrx_word' id='word_1_287' title='bbox 182 2094 219 2149; x_wconf 73' lang='lat' dir='ltr'>de</span> <span class='ocrx_word' id='word_1_288' title='bbox 246 2108 295 2149; x_wconf 72' lang='lat'>⁵118</span> <span class='ocrx_word' id='word_1_289' title='bbox 318 2093 375 2150; x_wconf 63' lang='lat' dir='ltr'>Vim</span> <span class='ocrx_word' id='word_1_290' title='bbox 397 2093 527 2149; x_wconf 57' lang='lat' dir='ltr'>menibus</span> <span class='ocrx_word' id='word_1_291' title='bbox 543 2107 619 2158; x_wconf 69' lang='lat' dir='ltr'>esse.</span> <span class='ocrx_word' id='word_1_292' title='bbox 644 2092 693 2146; x_wconf 70' lang='lat' dir='ltr'>sed</span> <span class='ocrx_word' id='word_1_293' title='bbox 717 2090 877 2164; x_wconf 67' lang='lat' dir='ltr'>Simpliciter</span> <span class='ocrx_word' id='word_1_294' title='bbox 892 2097 921 2146; x_wconf 68' lang='lat'>¹12</span> <span class='ocrx_word' id='word_1_295' title='bbox 971 2099 1161 2172; x_wconf 72' lang='lat' dir='ltr'>praedicatores</span> <span class='ocrx_word' id='word_1_296' title='bbox 1176 2097 1394 2170; x_wconf 86' lang='lat' dir='ltr'>adplantandam</span> <span class='ocrx_word' id='word_1_297' title='bbox 1409 2096 1558 2153; x_wconf 87' lang='lat' dir='ltr'>Ecclesiam</span> <span class='ocrx_word' id='word_1_298' title='bbox 1574 2096 1697 2152; x_wconf 82' lang='lat' dir='ltr'>inritare.</span> 
     </span>
     <span class='ocr_line' id='line_1_22' title="bbox 113 2178 1770 2256; baseline -0.002 -18"><span class='ocrx_word' id='word_1_299' title='bbox 113 2183 190 2249; x_wconf 79' lang='lat' dir='ltr'>vixit,</span> <span class='ocrx_word' id='word_1_300' title='bbox 207 2180 352 2239; x_wconf 78' lang='lat' dir='ltr'>coufessus</span> <span class='ocrx_word' id='word_1_301' title='bbox 368 2189 410 2237; x_wconf 91' lang='lat' dir='ltr'>cst</span> <span class='ocrx_word' id='word_1_302' title='bbox 427 2199 433 2238; x_wconf 94' lang='lat'><strong>:</strong></span> <span class='ocrx_word' id='word_1_303' title='bbox 451 2180 573 2254; x_wconf 87' lang='lat' dir='ltr'>alioquin</span> <span class='ocrx_word' id='word_1_304' title='bbox 587 2181 637 2252; x_wconf 91' lang='lat' dir='ltr'>(ut</span> <span class='ocrx_word' id='word_1_305' title='bbox 658 2179 728 2235; x_wconf 86' lang='lat' dir='ltr'>elius</span> <span class='ocrx_word' id='word_1_306' title='bbox 742 2178 921 2253; x_wconf 83' lang='lat' dir='ltr'>Evangelistc</span> <span class='ocrx_word' id='word_1_307' title='bbox 1007 2188 1092 2244; x_wconf 65' lang='lat' dir='ltr'>vens,</span> <span class='ocrx_word' id='word_1_308' title='bbox 1108 2192 1135 2246; x_wconf 76' lang='lat' dir='ltr'>e,</span> <span class='ocrx_word' id='word_1_309' title='bbox 1152 2217 1187 2228; x_wconf 89' lang='lat'><em>-</em></span> <span class='ocrx_word' id='word_1_310' title='bbox 1204 2187 1401 2244; x_wconf 65' lang='lat' dir='ltr'>conventione.</span> <span class='ocrx_word' id='word_1_311' title='bbox 1415 2185 1446 2242; x_wconf 87' lang='lat' dir='ltr'>ld</span> <span class='ocrx_word' id='word_1_312' title='bbox 1461 2193 1517 2256; x_wconf 81' lang='lat' dir='ltr'>est,</span> <span class='ocrx_word' id='word_1_313' title='bbox 1535 2182 1691 2241; x_wconf 84' lang='lat' dir='ltr'>confirmata</span> <span class='ocrx_word' id='word_1_314' title='bbox 1706 2197 1770 2254; x_wconf 82' lang='lat' dir='ltr'>pro·</span> 
     </span>
     <span class='ocr_line' id='line_1_23' title="bbox 114 2267 1769 2349; baseline 0.001 -23"><span class='ocrx_word' id='word_1_315' title='bbox 114 2272 163 2343; x_wconf 82' lang='lat' dir='ltr'>ait)</span> <span class='ocrx_word' id='word_1_316' title='bbox 179 2287 253 2342; x_wconf 87' lang='lat' dir='ltr'>uon,</span> <span class='ocrx_word' id='word_1_317' title='bbox 268 2271 381 2326; x_wconf 87' lang='lat' dir='ltr'>intuitus</span> <span class='ocrx_word' id='word_1_318' title='bbox 391 2287 492 2328; x_wconf 87' lang='lat' dir='ltr'>arcana</span> <span class='ocrx_word' id='word_1_319' title='bbox 507 2270 598 2327; x_wconf 90' lang='lat' dir='ltr'>cordis</span> <span class='ocrx_word' id='word_1_320' title='bbox 622 2270 695 2340; x_wconf 85' lang='lat' dir='ltr'>ejus,</span> <span class='ocrx_word' id='word_1_321' title='bbox 719 2267 836 2342; x_wconf 82' lang='lat' dir='ltr'>diligere</span> <span class='ocrx_word' id='word_1_322' title='bbox 857 2283 920 2324; x_wconf 86' lang='lat' dir='ltr'>eum</span> <span class='ocrx_word' id='word_1_323' title='bbox 970 2276 1101 2331; x_wconf 87' lang='lat' dir='ltr'>missione</span> <span class='ocrx_word' id='word_1_324' title='bbox 1116 2275 1189 2349; x_wconf 90' lang='lat' dir='ltr'>quod</span> <span class='ocrx_word' id='word_1_325' title='bbox 1213 2276 1247 2330; x_wconf 93' lang='lat' dir='ltr'>ad</span> <span class='ocrx_word' id='word_1_326' title='bbox 1261 2275 1410 2346; x_wconf 76' lang='lat' dir='ltr'>imaginem</span> <span class='ocrx_word' id='word_1_327' title='bbox 1425 2274 1477 2331; x_wconf 89' lang='lat' dir='ltr'>Dei</span> <span class='ocrx_word' id='word_1_328' title='bbox 1492 2272 1660 2332; x_wconf 84' lang='lat' dir='ltr'>reformandi</span> <span class='ocrx_word' id='word_1_329' title='bbox 1676 2276 1769 2328; x_wconf 88' lang='lat' dir='ltr'>essent</span> 
     </span>
     <span class='ocr_line' id='line_1_24' title="bbox 113 2357 1768 2434; baseline -0.002 -15"><span class='ocrx_word' id='word_1_330' title='bbox 113 2361 252 2418; x_wconf 78' lang='lat' dir='ltr'>diceretur</span> <span class='ocrx_word' id='word_1_331' title='bbox 266 2360 355 2417; x_wconf 70' lang='lat' dir='ltr'>«lesus.</span> <span class='ocrx_word' id='word_1_332' title='bbox 382 2359 476 2434; x_wconf 71' lang='lat' dir='ltr'>Diligit</span> <span class='ocrx_word' id='word_1_333' title='bbox 499 2359 571 2416; x_wconf 84' lang='lat' dir='ltr'>enim</span> <span class='ocrx_word' id='word_1_334' title='bbox 586 2374 634 2414; x_wconf 82' lang='lat' dir='ltr'>eos</span> <span class='ocrx_word' id='word_1_335' title='bbox 649 2358 694 2432; x_wconf 83' lang='lat' dir='ltr'>qui</span> <span class='ocrx_word' id='word_1_336' title='bbox 708 2358 835 2413; x_wconf 69' lang='lat' dir='ltr'>mandale</span> <span class='ocrx_word' id='word_1_337' title='bbox 849 2357 920 2430; x_wconf 73' lang='lat' dir='ltr'>legis</span> <span class='ocrx_word' id='word_1_338' title='bbox 971 2364 994 2419; x_wconf 92' lang='lat' dir='ltr'>si</span> <span class='ocrx_word' id='word_1_339' title='bbox 1004 2363 1319 2420; x_wconf 82' lang='lat' dir='ltr'>Ecclesiamoedistcando</span> <span class='ocrx_word' id='word_1_340' title='bbox 1326 2363 1460 2418; x_wconf 85' lang='lat' dir='ltr'>mandatis</span> <span class='ocrx_word' id='word_1_341' title='bbox 1467 2362 1590 2434; x_wconf 70' lang='lat' dir='ltr'>decalogi</span> <span class='ocrx_word' id='word_1_342' title='bbox 1600 2361 1768 2418; x_wconf 87' lang='lat' dir='ltr'>insisterent.</span> 
     </span>
     <span class='ocr_line' id='line_1_25' title="bbox 112 2445 1771 2524; baseline -0.002 -18"><span class='ocrx_word' id='word_1_343' title='bbox 112 2449 279 2516; x_wconf 80' lang='lat' dir='ltr'>custodiunt,</span> <span class='ocrx_word' id='word_1_344' title='bbox 298 2449 346 2505; x_wconf 91' lang='lat' dir='ltr'>scd</span> <span class='ocrx_word' id='word_1_345' title='bbox 362 2448 488 2522; x_wconf 86' lang='lat' dir='ltr'>quodibi</span> <span class='ocrx_word' id='word_1_346' title='bbox 513 2449 604 2504; x_wconf 88' lang='lat' dir='ltr'>minus</span> <span class='ocrx_word' id='word_1_347' title='bbox 619 2454 661 2503; x_wconf 87' lang='lat' dir='ltr'>est</span> <span class='ocrx_word' id='word_1_348' title='bbox 676 2448 719 2503; x_wconf 81' lang='lat' dir='ltr'>liis</span> <span class='ocrx_word' id='word_1_349' title='bbox 734 2447 779 2518; x_wconf 91' lang='lat' dir='ltr'>qui</span> <span class='ocrx_word' id='word_1_350' title='bbox 802 2445 919 2518; x_wconf 78' lang='lat' dir='ltr'>perfecti</span> <span class='ocrx_word' id='word_1_351' title='bbox 1005 2454 1049 2510; x_wconf 76' lang='lat' dir='ltr'>Ex</span> <span class='ocrx_word' id='word_1_352' title='bbox 1059 2453 1185 2508; x_wconf 79' lang='lat' dir='ltr'>deuotio.</span> <span class='ocrx_word' id='word_1_353' title='bbox 1202 2451 1324 2523; x_wconf 80' lang='lat' dir='ltr'>(Hirr.)</span> <span class='ocrx_word' id='word_1_354' title='bbox 1340 2451 1472 2506; x_wconf 82' lang='lat' dir='ltr'>Denarius</span> <span class='ocrx_word' id='word_1_355' title='bbox 1483 2451 1563 2506; x_wconf 88' lang='lat' dir='ltr'>habet</span> <span class='ocrx_word' id='word_1_356' title='bbox 1573 2449 1720 2524; x_wconf 82' lang='lat' dir='ltr'>imaginem</span> <span class='ocrx_word' id='word_1_357' title='bbox 1731 2463 1771 2504; x_wconf 87' lang='lat' dir='ltr'>re·</span> 
     </span>
     <span class='ocr_line' id='line_1_26' title="bbox 112 2536 1680 2614; baseline -0.003 -20"><span class='ocrx_word' id='word_1_358' title='bbox 112 2537 207 2594; x_wconf 72' lang='lat' dir='ltr'>volunt</span> <span class='ocrx_word' id='word_1_359' title='bbox 217 2553 292 2605; x_wconf 86' lang='lat' dir='ltr'>esse,</span> <span class='ocrx_word' id='word_1_360' title='bbox 301 2538 437 2612; x_wconf 79' lang='lat' dir='ltr'>adjungit3</span> <span class='ocrx_word' id='word_1_361' title='bbox 447 2538 518 2594; x_wconf 89' lang='lat' dir='ltr'>unde</span> <span class='ocrx_word' id='word_1_362' title='bbox 527 2537 649 2609; x_wconf 73' lang='lat' dir='ltr'>sequitur</span> <span class='ocrx_word' id='word_1_363' title='bbox 660 2553 667 2591; x_wconf 89' lang='lat'>:</span> <span class='ocrx_word' id='word_1_364' title='bbox 680 2536 758 2594; x_wconf 77' lang='lat' dir='ltr'>Sivt&#39;s</span> <span class='ocrx_word' id='word_1_365' title='bbox 767 2536 915 2608; x_wconf 73' lang='lat' dir='ltr'>perfectus</span> <span class='ocrx_word' id='word_1_366' title='bbox 969 2542 1022 2614; x_wconf 78' lang='lat' dir='ltr'>gis,</span> <span class='ocrx_word' id='word_1_367' title='bbox 1040 2548 1110 2608; x_wconf 58' lang='lat' dir='ltr'>ete„</span> <span class='ocrx_word' id='word_1_368' title='bbox 1128 2557 1217 2613; x_wconf 76' lang='lat' dir='ltr'>usqne</span> <span class='ocrx_word' id='word_1_369' title='bbox 1233 2541 1277 2607; x_wconf 80' lang='lat' dir='ltr'>ad,</span> <span class='ocrx_word' id='word_1_370' title='bbox 1294 2539 1338 2597; x_wconf 82' lang='lat' dir='ltr'>uel</span> <span class='ocrx_word' id='word_1_371' title='bbox 1350 2540 1376 2595; x_wconf 87' lang='lat' dir='ltr'>in</span> <span class='ocrx_word' id='word_1_372' title='bbox 1401 2539 1502 2595; x_wconf 87' lang='lat' dir='ltr'>ultimis</span> <span class='ocrx_word' id='word_1_373' title='bbox 1521 2539 1680 2610; x_wconf 85' lang='lat' dir='ltr'>resipiscite.</span> 
     </span>
     <span class='ocr_line' id='line_1_27' title="bbox 113 2622 1765 2703; baseline -0.001 -19"><span class='ocrx_word' id='word_1_374' title='bbox 113 2643 183 2684; x_wconf 77' lang='lat' dir='ltr'>erre.</span> <span class='ocrx_word' id='word_1_375' title='bbox 196 2626 301 2684; x_wconf 85' lang='lat' dir='ltr'>Omnia</span> <span class='ocrx_word' id='word_1_376' title='bbox 311 2627 379 2684; x_wconf 80' lang='lat' dir='ltr'>bec.</span> <span class='ocrx_word' id='word_1_377' title='bbox 392 2626 498 2698; x_wconf 79' lang='lat' dir='ltr'>(Hira.)</span> <span class='ocrx_word' id='word_1_378' title='bbox 508 2626 645 2682; x_wconf 89' lang='lat' dir='ltr'>llcntitur.</span> <span class='ocrx_word' id='word_1_379' title='bbox 658 2624 686 2680; x_wconf 91' lang='lat' dir='ltr'>Si</span> <span class='ocrx_word' id='word_1_380' title='bbox 701 2624 774 2680; x_wconf 86' lang='lat' dir='ltr'>enim</span> <span class='ocrx_word' id='word_1_381' title='bbox 784 2622 915 2696; x_wconf 84' lang='lat' dir='ltr'>diligeret</span> <span class='ocrx_word' id='word_1_382' title='bbox 1005 2631 1025 2686; x_wconf 75' lang='grc' dir='ltr'>ιι</span> <span class='ocrx_word' id='word_1_383' title='bbox 1041 2631 1202 2687; x_wconf 82' lang='lat' dir='ltr'>nouissimis</span> <span class='ocrx_word' id='word_1_384' title='bbox 1213 2644 1317 2703; x_wconf 74' lang='lat' dir='ltr'>esque,</span> <span class='ocrx_word' id='word_1_385' title='bbox 1332 2637 1384 2686; x_wconf 91' lang='lat' dir='ltr'>etc.</span> <span class='ocrx_word' id='word_1_386' title='bbox 1400 2626 1469 2697; x_wconf 87' lang='lat' dir='ltr'>Quia</span> <span class='ocrx_word' id='word_1_387' title='bbox 1484 2628 1530 2701; x_wconf 88' lang='lat' dir='ltr'>qui</span> <span class='ocrx_word' id='word_1_388' title='bbox 1546 2627 1573 2683; x_wconf 89' lang='lat' dir='ltr'>in</span> <span class='ocrx_word' id='word_1_389' title='bbox 1584 2627 1700 2683; x_wconf 87' lang='lat' dir='ltr'>adveatu</span> <span class='ocrx_word' id='word_1_390' title='bbox 1711 2626 1765 2682; x_wconf 87' lang='lat' dir='ltr'>Do-</span> 
     </span>
     <span class='ocr_line' id='line_1_28' title="bbox 113 2712 1765 2791; baseline -0.007 -9"><span class='ocrx_word' id='word_1_391' title='bbox 113 2716 267 2789; x_wconf 81' lang='lat' dir='ltr'>proximum</span> <span class='ocrx_word' id='word_1_392' title='bbox 283 2733 361 2772; x_wconf 69' lang='lat' dir='ltr'>suum</span> <span class='ocrx_word' id='word_1_393' title='bbox 382 2716 451 2772; x_wconf 73' lang='lat' dir='ltr'>sicul</span> <span class='ocrx_word' id='word_1_394' title='bbox 467 2717 601 2789; x_wconf 68' lang='lat' dir='ltr'>seipsum,</span> <span class='ocrx_word' id='word_1_395' title='bbox 627 2728 712 2786; x_wconf 64' lang='lat' dir='ltr'>Opere</span> <span class='ocrx_word' id='word_1_396' title='bbox 736 2712 915 2785; x_wconf 88' lang='lat' dir='ltr'>complesset,</span> <span class='ocrx_word' id='word_1_397' title='bbox 967 2719 1034 2775; x_wconf 89' lang='lat' dir='ltr'>mini</span> <span class='ocrx_word' id='word_1_398' title='bbox 1056 2718 1145 2775; x_wconf 79' lang='lat' dir='ltr'>vocati</span> <span class='ocrx_word' id='word_1_399' title='bbox 1169 2726 1232 2774; x_wconf 89' lang='lat' dir='ltr'>sunt</span> <span class='ocrx_word' id='word_1_400' title='bbox 1254 2717 1289 2774; x_wconf 87' lang='lat' dir='ltr'>ad</span> <span class='ocrx_word' id='word_1_401' title='bbox 1304 2733 1437 2791; x_wconf 83' lang='lat' dir='ltr'>regnum,</span> <span class='ocrx_word' id='word_1_402' title='bbox 1463 2716 1522 2772; x_wconf 89' lang='lat' dir='ltr'>sine</span> <span class='ocrx_word' id='word_1_403' title='bbox 1536 2715 1626 2788; x_wconf 87' lang='lat' dir='ltr'>aliqua</span> <span class='ocrx_word' id='word_1_404' title='bbox 1640 2713 1765 2771; x_wconf 87' lang='lat' dir='ltr'>tarditate</span> 
     </span>
     <span class='ocr_line' id='line_1_29' title="bbox 113 2801 1764 2881; baseline -0.007 -21"><span class='ocrx_word' id='word_1_405' title='bbox 113 2814 249 2863; x_wconf 86' lang='lat' dir='ltr'>nonesset</span> <span class='ocrx_word' id='word_1_406' title='bbox 265 2805 352 2862; x_wconf 91' lang='lat' dir='ltr'>tristis</span> <span class='ocrx_word' id='word_1_407' title='bbox 367 2821 429 2863; x_wconf 90' lang='lat' dir='ltr'>cum</span> <span class='ocrx_word' id='word_1_408' title='bbox 444 2821 495 2862; x_wconf 89' lang='lat' dir='ltr'>sue</span> <span class='ocrx_word' id='word_1_409' title='bbox 508 2804 675 2878; x_wconf 88' lang='lat' dir='ltr'>pauperibus</span> <span class='ocrx_word' id='word_1_410' title='bbox 685 2802 752 2858; x_wconf 90' lang='lat' dir='ltr'>dare</span> <span class='ocrx_word' id='word_1_411' title='bbox 763 2801 916 2870; x_wconf 82' lang='lat' dir='ltr'>juberetur.</span> <span class='ocrx_word' id='word_1_412' title='bbox 967 2807 1143 2881; x_wconf 80' lang='lat' dir='ltr'>perveniunt,</span> <span class='ocrx_word' id='word_1_413' title='bbox 1167 2806 1287 2879; x_wconf 81' lang='lat' dir='ltr'>aequales</span> <span class='ocrx_word' id='word_1_414' title='bbox 1307 2806 1409 2878; x_wconf 79' lang='lat' dir='ltr'>hirqui</span> <span class='ocrx_word' id='word_1_415' title='bbox 1424 2805 1458 2860; x_wconf 90' lang='lat' dir='ltr'>ab</span> <span class='ocrx_word' id='word_1_416' title='bbox 1473 2805 1549 2861; x_wconf 91' lang='lat' dir='ltr'>initio</span> <span class='ocrx_word' id='word_1_417' title='bbox 1563 2803 1657 2860; x_wconf 91' lang='lat' dir='ltr'>mundi</span> <span class='ocrx_word' id='word_1_418' title='bbox 1670 2819 1764 2877; x_wconf 71' lang='lat' dir='ltr'>cmpe-</span> 
     </span>
     <span class='ocr_line' id='line_1_30' title="bbox 146 2890 1767 2969; baseline -0.004 -12"><span class='ocrx_word' id='word_1_419' title='bbox 146 2895 234 2952; x_wconf 72' lang='lat' dir='ltr'>Vsstts·</span> <span class='ocrx_word' id='word_1_420' title='bbox 246 2897 292 2952; x_wconf 75' lang='lat'>23·</span> <span class='ocrx_word' id='word_1_421' title='bbox 304 2923 340 2936; x_wconf 92' lang='lat'>-</span> <span class='ocrx_word' id='word_1_422' title='bbox 349 2896 430 2951; x_wconf 72' lang='lat' dir='ltr'>dives</span> <span class='ocrx_word' id='word_1_423' title='bbox 440 2894 569 2967; x_wconf 73' lang='lat' dir='ltr'>difficile·</span> <span class='ocrx_word' id='word_1_424' title='bbox 581 2892 751 2951; x_wconf 69' lang='lat' dir='ltr'>Divilesssffll</span> <span class='ocrx_word' id='word_1_425' title='bbox 761 2898 914 2957; x_wconf 57' lang='lat' dir='ltr'>mammes,</span> <span class='ocrx_word' id='word_1_426' title='bbox 967 2903 1039 2964; x_wconf 86' lang='lat' dir='ltr'>runt,</span> <span class='ocrx_word' id='word_1_427' title='bbox 1056 2912 1152 2952; x_wconf 90' lang='lat' dir='ltr'>omnes</span> <span class='ocrx_word' id='word_1_428' title='bbox 1165 2894 1275 2969; x_wconf 87' lang='lat' dir='ltr'>quidem</span> <span class='ocrx_word' id='word_1_429' title='bbox 1289 2894 1361 2951; x_wconf 91' lang='lat' dir='ltr'>idem</span> <span class='ocrx_word' id='word_1_430' title='bbox 1372 2893 1480 2960; x_wconf 86' lang='lat' dir='ltr'>eoelum,</span> <span class='ocrx_word' id='word_1_431' title='bbox 1497 2893 1546 2950; x_wconf 90' lang='lat' dir='ltr'>sed</span> <span class='ocrx_word' id='word_1_432' title='bbox 1559 2891 1636 2948; x_wconf 87' lang='lat' dir='ltr'>stella</span> <span class='ocrx_word' id='word_1_433' title='bbox 1651 2890 1767 2950; x_wconf 83' lang='lat' dir='ltr'>differta</span> 
     </span>
    </p>
   </div>
   <div class='ocr_carea' id='block_1_3' title="bbox 82 3070 1765 4748">
    <p class='ocr_par' dir='ltr' id='par_1_3' title="bbox 115 3070 1763 3148">
     <span class='ocr_line' id='line_1_31' title="bbox 115 3070 1763 3148; baseline -0.001 -20"><span class='ocrx_word' id='word_1_434' title='bbox 115 3080 154 3128; x_wconf 89' lang='lat' dir='ltr'>est</span> <span class='ocrx_word' id='word_1_435' title='bbox 168 3086 220 3129; x_wconf 88' lang='lat' dir='ltr'>neo</span> <span class='ocrx_word' id='word_1_436' title='bbox 234 3071 338 3128; x_wconf 87' lang='lat' dir='ltr'>habere</span> <span class='ocrx_word' id='word_1_437' title='bbox 353 3086 405 3128; x_wconf 88' lang='lat' dir='ltr'>nec</span> <span class='ocrx_word' id='word_1_438' title='bbox 418 3087 513 3128; x_wconf 87' lang='lat' dir='ltr'>amare</span> <span class='ocrx_word' id='word_1_439' title='bbox 527 3071 646 3127; x_wconf 85' lang='lat' dir='ltr'>divitias.</span> <span class='ocrx_word' id='word_1_440' title='bbox 966 3074 1099 3132; x_wconf 87' lang='lat' dir='ltr'>latronem</span> <span class='ocrx_word' id='word_1_441' title='bbox 1124 3090 1206 3148; x_wconf 89' lang='lat' dir='ltr'>quam</span> <span class='ocrx_word' id='word_1_442' title='bbox 1231 3074 1340 3131; x_wconf 89' lang='lat' dir='ltr'>Petrum</span> <span class='ocrx_word' id='word_1_443' title='bbox 1363 3073 1391 3129; x_wconf 93' lang='lat' dir='ltr'>in</span> <span class='ocrx_word' id='word_1_444' title='bbox 1422 3072 1582 3144; x_wconf 78' lang='lat' dir='ltr'>paradisum</span> <span class='ocrx_word' id='word_1_445' title='bbox 1606 3070 1763 3127; x_wconf 81' lang='lat' dir='ltr'>introduxit.</span> 
     </span>
    </p>

    <p class='ocr_par' dir='ltr' id='par_1_4' title="bbox 114 3122 1765 3411">
     <span class='ocr_line' id='line_1_32' title="bbox 145 3122 1763 3236; baseline -0.001 -19"><span class='ocrx_word' id='word_1_446' title='bbox 145 3158 233 3217; x_wconf 73' lang='lat' dir='ltr'>vim.</span> <span class='ocrx_word' id='word_1_447' title='bbox 248 3161 294 3220; x_wconf 69' lang='grc'>24.</span> <span class='ocrx_word' id='word_1_448' title='bbox 305 3188 341 3202; x_wconf 91' lang='grc'>-</span> <span class='ocrx_word' id='word_1_449' title='bbox 353 3160 442 3230; x_wconf 83' lang='lat' dir='ltr'>Quem</span> <span class='ocrx_word' id='word_1_450' title='bbox 451 3160 577 3218; x_wconf 84' lang='lat' dir='ltr'>diuitem.</span> <span class='ocrx_word' id='word_1_451' title='bbox 593 3158 681 3231; x_wconf 88' lang='lat' dir='ltr'>(lsrn.</span> <span class='ocrx_word' id='word_1_452' title='bbox 693 3157 703 3228; x_wconf 75' lang='lat' dir='ltr'>l</span> <span class='ocrx_word' id='word_1_453' title='bbox 716 3154 814 3212; x_wconf 88' lang='lat' dir='ltr'>Nullus</span> <span class='ocrx_word' id='word_1_454' title='bbox 828 3153 906 3212; x_wconf 83' lang='lat' dir='ltr'>dives</span> <span class='ocrx_word' id='word_1_455' title='bbox 924 3122 950 3188; x_wconf 70' lang='lat' dir='ltr'>C</span> <span class='ocrx_word' id='word_1_456' title='bbox 967 3163 1037 3234; x_wconf 83' lang='lat' dir='ltr'>Quia</span> <span class='ocrx_word' id='word_1_457' title='bbox 1050 3164 1125 3236; x_wconf 91' lang='lat' dir='ltr'>prius</span> <span class='ocrx_word' id='word_1_458' title='bbox 1140 3163 1284 3235; x_wconf 86' lang='lat' dir='ltr'>aliquando</span> <span class='ocrx_word' id='word_1_459' title='bbox 1297 3171 1505 3220; x_wconf 88' lang='lat' dir='ltr'>remunerantur</span> <span class='ocrx_word' id='word_1_460' title='bbox 1527 3177 1589 3218; x_wconf 88' lang='lat' dir='ltr'>sero</span> <span class='ocrx_word' id='word_1_461' title='bbox 1612 3159 1763 3226; x_wconf 81' lang='lat' dir='ltr'>uenientes,</span> 
     </span>
     <span class='ocr_line' id='line_1_33' title="bbox 114 3245 1765 3326; baseline -0.007 -10"><span class='ocrx_word' id='word_1_462' title='bbox 114 3248 242 3316; x_wconf 63' lang='lat' dir='ltr'>intrabit.</span> <span class='ocrx_word' id='word_1_463' title='bbox 267 3248 296 3305; x_wconf 72' lang='lat' dir='ltr'>id</span> <span class='ocrx_word' id='word_1_464' title='bbox 319 3256 372 3318; x_wconf 60' lang='lat'>0⁵¹,</span> <span class='ocrx_word' id='word_1_465' title='bbox 397 3247 538 3306; x_wconf 74' lang='lat' dir='ltr'>⁰011fid011⁵</span> <span class='ocrx_word' id='word_1_466' title='bbox 559 3249 588 3305; x_wconf 73' lang='lat' dir='ltr'>in</span> <span class='ocrx_word' id='word_1_467' title='bbox 603 3247 714 3315; x_wconf 70' lang='lat' dir='ltr'>divitiis,</span> <span class='ocrx_word' id='word_1_468' title='bbox 731 3252 761 3301; x_wconf 74' lang='lat'>¹1²</span> <span class='ocrx_word' id='word_1_469' title='bbox 773 3245 854 3301; x_wconf 66' lang='lat' dir='ltr'>1⁰⁸¹ss</span> <span class='ocrx_word' id='word_1_470' title='bbox 868 3260 915 3300; x_wconf 72' lang='grc' dir='ltr'>ὃθ-</span> <span class='ocrx_word' id='word_1_471' title='bbox 965 3254 1028 3326; x_wconf 93' lang='lat' dir='ltr'>quia</span> <span class='ocrx_word' id='word_1_472' title='bbox 1042 3253 1118 3325; x_wconf 91' lang='lat' dir='ltr'>prius</span> <span class='ocrx_word' id='word_1_473' title='bbox 1133 3252 1296 3325; x_wconf 89' lang='lat' dir='ltr'>decerpere</span> <span class='ocrx_word' id='word_1_474' title='bbox 1311 3259 1426 3318; x_wconf 82' lang='lat' dir='ltr'>exeunt,</span> <span class='ocrx_word' id='word_1_475' title='bbox 1452 3265 1533 3324; x_wconf 87' lang='lat' dir='ltr'>quam</span> <span class='ocrx_word' id='word_1_476' title='bbox 1548 3249 1634 3323; x_wconf 90' lang='lat' dir='ltr'>quiin</span> <span class='ocrx_word' id='word_1_477' title='bbox 1648 3247 1765 3323; x_wconf 85' lang='lat' dir='ltr'>pueritia</span> 
     </span>
     <span class='ocr_line' id='line_1_34' title="bbox 114 3337 1139 3411; baseline 0.003 -16"><span class='ocrx_word' id='word_1_478' title='bbox 114 3337 234 3395; x_wconf 86' lang='lat' dir='ltr'>eundum</span> <span class='ocrx_word' id='word_1_479' title='bbox 254 3339 377 3395; x_wconf 77' lang='lat' dir='ltr'>Marcum</span> <span class='ocrx_word' id='word_1_480' title='bbox 392 3339 513 3411; x_wconf 81' lang='lat' dir='ltr'>exponit.</span> <span class='ocrx_word' id='word_1_481' title='bbox 964 3342 1054 3400; x_wconf 87' lang='lat' dir='ltr'>vocati</span> <span class='ocrx_word' id='word_1_482' title='bbox 1068 3349 1139 3400; x_wconf 91' lang='lat' dir='ltr'>sunt.</span> 
     </span>
    </p>

    <p class='ocr_par' dir='ltr' id='par_1_5' title="bbox 82 3426 1765 3769">
     <span class='ocr_line' id='line_1_35' title="bbox 148 3426 1765 3503; baseline -0.002 -18"><span class='ocrx_word' id='word_1_483' title='bbox 148 3427 239 3485; x_wconf 76' lang='lat' dir='ltr'>Vens.</span> <span class='ocrx_word' id='word_1_484' title='bbox 254 3430 300 3486; x_wconf 80' lang='grc'>25.</span> <span class='ocrx_word' id='word_1_485' title='bbox 312 3457 347 3468; x_wconf 94' lang='grc'>-</span> <span class='ocrx_word' id='word_1_486' title='bbox 357 3428 543 3485; x_wconf 80' lang='lat' dir='ltr'>Mirabantur.</span> <span class='ocrx_word' id='word_1_487' title='bbox 555 3426 625 3497; x_wconf 83' lang='lat' dir='ltr'>Quia</span> <span class='ocrx_word' id='word_1_488' title='bbox 639 3428 668 3484; x_wconf 92' lang='lat' dir='ltr'>in</span> <span class='ocrx_word' id='word_1_489' title='bbox 677 3443 791 3487; x_wconf 89' lang='lat' dir='ltr'>numero</span> <span class='ocrx_word' id='word_1_490' title='bbox 801 3431 915 3487; x_wconf 89' lang='lat' dir='ltr'>divitum</span> <span class='ocrx_word' id='word_1_491' title='bbox 1000 3432 1086 3489; x_wconf 81' lang='lat' dir='ltr'>Vsus.</span> <span class='ocrx_word' id='word_1_492' title='bbox 1103 3433 1145 3488; x_wconf 75' lang='lat' dir='ltr'>lb.</span> <span class='ocrx_word' id='word_1_493' title='bbox 1162 3461 1197 3474; x_wconf 93' lang='lat'><em>-</em></span> <span class='ocrx_word' id='word_1_494' title='bbox 1211 3431 1270 3487; x_wconf 80' lang='lat' dir='ltr'>Aut</span> <span class='ocrx_word' id='word_1_495' title='bbox 1283 3447 1340 3487; x_wconf 91' lang='lat' dir='ltr'>non</span> <span class='ocrx_word' id='word_1_496' title='bbox 1352 3431 1429 3487; x_wconf 82' lang='lat' dir='ltr'>ticet.</span> <span class='ocrx_word' id='word_1_497' title='bbox 1440 3429 1525 3487; x_wconf 91' lang='lat' dir='ltr'>Stulta</span> <span class='ocrx_word' id='word_1_498' title='bbox 1541 3427 1655 3503; x_wconf 81' lang='lat' dir='ltr'>quaestio</span> <span class='ocrx_word' id='word_1_499' title='bbox 1669 3433 1765 3486; x_wconf 85' lang='lat' dir='ltr'>contra</span> 
     </span>
     <span class='ocr_line' id='line_1_36' title="bbox 113 3514 1762 3590; baseline -0.002 -14"><span class='ocrx_word' id='word_1_500' title='bbox 113 3517 280 3590; x_wconf 86' lang='lat' dir='ltr'>deputabant</span> <span class='ocrx_word' id='word_1_501' title='bbox 305 3530 401 3573; x_wconf 90' lang='lat' dir='ltr'>omues</span> <span class='ocrx_word' id='word_1_502' title='bbox 428 3516 476 3590; x_wconf 91' lang='lat' dir='ltr'>qui</span> <span class='ocrx_word' id='word_1_503' title='bbox 490 3523 583 3573; x_wconf 88' lang='lat' dir='ltr'>amant</span> <span class='ocrx_word' id='word_1_504' title='bbox 596 3516 716 3586; x_wconf 84' lang='lat' dir='ltr'>divitias,</span> <span class='ocrx_word' id='word_1_505' title='bbox 732 3519 784 3576; x_wconf 90' lang='lat' dir='ltr'>etsi</span> <span class='ocrx_word' id='word_1_506' title='bbox 797 3535 853 3575; x_wconf 91' lang='lat' dir='ltr'>non</span> <span class='ocrx_word' id='word_1_507' title='bbox 866 3521 915 3576; x_wconf 86' lang='lat' dir='ltr'>ha·</span> <span class='ocrx_word' id='word_1_508' title='bbox 964 3521 1111 3578; x_wconf 90' lang='lat' dir='ltr'>bonitatem</span> <span class='ocrx_word' id='word_1_509' title='bbox 1126 3520 1185 3578; x_wconf 87' lang='lat' dir='ltr'>Dei.</span> <span class='ocrx_word' id='word_1_510' title='bbox 1204 3519 1388 3589; x_wconf 78' lang='lat' dir='ltr'>Quaerendum</span> <span class='ocrx_word' id='word_1_511' title='bbox 1401 3526 1484 3586; x_wconf 85' lang='lat' dir='ltr'>esset,</span> <span class='ocrx_word' id='word_1_512' title='bbox 1496 3534 1550 3576; x_wconf 92' lang='lat' dir='ltr'>non</span> <span class='ocrx_word' id='word_1_513' title='bbox 1565 3518 1588 3574; x_wconf 91' lang='lat' dir='ltr'>si</span> <span class='ocrx_word' id='word_1_514' title='bbox 1602 3517 1679 3573; x_wconf 89' lang='lat' dir='ltr'>daret</span> <span class='ocrx_word' id='word_1_515' title='bbox 1688 3514 1762 3590; x_wconf 87' lang='lat' dir='ltr'>quod</span> 
     </span>
     <span class='ocr_line' id='line_1_37' title="bbox 113 3605 1761 3681; baseline -0.002 -17"><span class='ocrx_word' id='word_1_516' title='bbox 113 3605 203 3664; x_wconf 88' lang='lat' dir='ltr'>beaut.</span> <span class='ocrx_word' id='word_1_517' title='bbox 218 3605 308 3663; x_wconf 80' lang='lat' dir='ltr'>Aliter</span> <span class='ocrx_word' id='word_1_518' title='bbox 322 3606 395 3662; x_wconf 89' lang='lat' dir='ltr'>euim</span> <span class='ocrx_word' id='word_1_519' title='bbox 410 3622 473 3662; x_wconf 91' lang='lat' dir='ltr'>cum</span> <span class='ocrx_word' id='word_1_520' title='bbox 496 3606 531 3662; x_wconf 90' lang='lat' dir='ltr'>sit</span> <span class='ocrx_word' id='word_1_521' title='bbox 544 3607 633 3676; x_wconf 82' lang='lat' dir='ltr'>major</span> <span class='ocrx_word' id='word_1_522' title='bbox 655 3608 736 3664; x_wconf 90' lang='lat' dir='ltr'>turba</span> <span class='ocrx_word' id='word_1_523' title='bbox 750 3624 912 3681; x_wconf 90' lang='lat' dir='ltr'>pauperum,</span> <span class='ocrx_word' id='word_1_524' title='bbox 963 3625 1019 3668; x_wconf 90' lang='lat' dir='ltr'>nnn</span> <span class='ocrx_word' id='word_1_525' title='bbox 1043 3609 1154 3668; x_wconf 88' lang='lat' dir='ltr'>deberet</span> <span class='ocrx_word' id='word_1_526' title='bbox 1169 3628 1175 3664; x_wconf 94' lang='lat'>:</span> <span class='ocrx_word' id='word_1_527' title='bbox 1192 3609 1242 3665; x_wconf 93' lang='lat' dir='ltr'>sed</span> <span class='ocrx_word' id='word_1_528' title='bbox 1265 3611 1288 3665; x_wconf 88' lang='lat' dir='ltr'>si</span> <span class='ocrx_word' id='word_1_529' title='bbox 1310 3624 1365 3664; x_wconf 92' lang='lat' dir='ltr'>non</span> <span class='ocrx_word' id='word_1_530' title='bbox 1379 3610 1450 3681; x_wconf 89' lang='lat' dir='ltr'>quod</span> <span class='ocrx_word' id='word_1_531' title='bbox 1466 3608 1587 3664; x_wconf 87' lang='lat' dir='ltr'>deberet.</span> <span class='ocrx_word' id='word_1_532' title='bbox 1603 3607 1647 3662; x_wconf 83' lang='lat' dir='ltr'>Aa</span> <span class='ocrx_word' id='word_1_533' title='bbox 1661 3606 1761 3663; x_wconf 79' lang='lat' dir='ltr'>centus</span> 
     </span>
     <span class='ocr_line' id='line_1_38' title="bbox 82 3693 1765 3769; baseline -0.002 -18"><span class='ocrx_word' id='word_1_534' title='bbox 82 3720 86 3728; x_wconf 89' lang='lat'>·</span> <span class='ocrx_word' id='word_1_535' title='bbox 114 3710 165 3752; x_wconf 88' lang='lat' dir='ltr'>non</span> <span class='ocrx_word' id='word_1_536' title='bbox 179 3695 325 3753; x_wconf 86' lang='lat' dir='ltr'>dicerent:</span> <span class='ocrx_word' id='word_1_537' title='bbox 340 3696 406 3766; x_wconf 82' lang='lat' dir='ltr'>Quia</span> <span class='ocrx_word' id='word_1_538' title='bbox 419 3696 527 3769; x_wconf 84' lang='lat' dir='ltr'>poterit</span> <span class='ocrx_word' id='word_1_539' title='bbox 541 3696 637 3753; x_wconf 79' lang='lat' dir='ltr'>soloas</span> <span class='ocrx_word' id='word_1_540' title='bbox 652 3701 737 3754; x_wconf 81' lang='lat' dir='ltr'>erae?</span> <span class='ocrx_word' id='word_1_541' title='bbox 965 3702 1042 3766; x_wconf 85' lang='lat' dir='ltr'>tuus,</span> <span class='ocrx_word' id='word_1_542' title='bbox 1061 3706 1112 3755; x_wconf 88' lang='lat' dir='ltr'>etc.</span> <span class='ocrx_word' id='word_1_543' title='bbox 1125 3697 1196 3754; x_wconf 86' lang='lat' dir='ltr'>Vere</span> <span class='ocrx_word' id='word_1_544' title='bbox 1210 3696 1296 3753; x_wconf 78' lang='lat' dir='ltr'>ludaei</span> <span class='ocrx_word' id='word_1_545' title='bbox 1310 3712 1419 3768; x_wconf 86' lang='lat' dir='ltr'>prauam</span> <span class='ocrx_word' id='word_1_546' title='bbox 1427 3696 1603 3753; x_wconf 89' lang='lat' dir='ltr'>intentionem</span> <span class='ocrx_word' id='word_1_547' title='bbox 1614 3693 1765 3750; x_wconf 89' lang='lat' dir='ltr'>habuemnt</span> 
     </span>
    </p>

    <p class='ocr_par' dir='ltr' id='par_1_6' title="bbox 115 3779 1765 4036">
     <span class='ocr_line' id='line_1_39' title="bbox 143 3779 1765 3860; baseline -0.003 -19"><span class='ocrx_word' id='word_1_548' title='bbox 143 3785 232 3842; x_wconf 79' lang='lat' dir='ltr'>Vens.</span> <span class='ocrx_word' id='word_1_549' title='bbox 248 3788 294 3843; x_wconf 86' lang='grc'>26.</span> <span class='ocrx_word' id='word_1_550' title='bbox 305 3785 454 3842; x_wconf 77' lang='grc' dir='ltr'>-ὒιιιιι,</span> <span class='ocrx_word' id='word_1_551' title='bbox 472 3783 525 3855; x_wconf 92' lang='lat' dir='ltr'>Qui</span> <span class='ocrx_word' id='word_1_552' title='bbox 540 3785 576 3842; x_wconf 89' lang='lat' dir='ltr'>ab</span> <span class='ocrx_word' id='word_1_553' title='bbox 586 3800 680 3842; x_wconf 89' lang='lat' dir='ltr'>amore</span> <span class='ocrx_word' id='word_1_554' title='bbox 694 3793 868 3844; x_wconf 89' lang='lat' dir='ltr'>terrenorum</span> <span class='ocrx_word' id='word_1_555' title='bbox 878 3787 914 3845; x_wconf 86' lang='lat' dir='ltr'>cd</span> <span class='ocrx_word' id='word_1_556' title='bbox 964 3787 1010 3860; x_wconf 90' lang='lat' dir='ltr'>qui</span> <span class='ocrx_word' id='word_1_557' title='bbox 1039 3785 1234 3859; x_wconf 88' lang='lat' dir='ltr'>prohibuerunt</span> <span class='ocrx_word' id='word_1_558' title='bbox 1248 3784 1385 3855; x_wconf 87' lang='lat' dir='ltr'>apostolus</span> <span class='ocrx_word' id='word_1_559' title='bbox 1401 3783 1528 3857; x_wconf 81' lang='lat' dir='ltr'>gentibus</span> <span class='ocrx_word' id='word_1_560' title='bbox 1542 3781 1626 3855; x_wconf 85' lang='lat' dir='ltr'>loqui,</span> <span class='ocrx_word' id='word_1_561' title='bbox 1641 3787 1669 3838; x_wconf 91' lang='lat' dir='ltr'>ut</span> <span class='ocrx_word' id='word_1_562' title='bbox 1682 3779 1765 3837; x_wconf 77' lang='lat' dir='ltr'>salva</span> 
     </span>
     <span class='ocr_line' id='line_1_40' title="bbox 115 3873 1068 3949; baseline -0.001 -17"><span class='ocrx_word' id='word_1_563' title='bbox 115 3873 273 3932; x_wconf 87' lang='lat' dir='ltr'>charitatem</span> <span class='ocrx_word' id='word_1_564' title='bbox 299 3882 466 3931; x_wconf 83' lang='lat' dir='ltr'>aetcmcrum</span> <span class='ocrx_word' id='word_1_565' title='bbox 490 3875 625 3931; x_wconf 79' lang='lat' dir='ltr'>conuertit</span> <span class='ocrx_word' id='word_1_566' title='bbox 641 3893 648 3929; x_wconf 79' lang='grc' dir='ltr'>ε</span> <span class='ocrx_word' id='word_1_567' title='bbox 664 3890 719 3932; x_wconf 91' lang='lat' dir='ltr'>non</span> <span class='ocrx_word' id='word_1_568' title='bbox 734 3875 808 3949; x_wconf 83' lang='lat' dir='ltr'>quod</span> <span class='ocrx_word' id='word_1_569' title='bbox 822 3875 913 3949; x_wconf 91' lang='lat' dir='ltr'>cupidi</span> <span class='ocrx_word' id='word_1_570' title='bbox 963 3875 1068 3933; x_wconf 87' lang='lat' dir='ltr'>fierent.</span> 
     </span>
     <span class='ocr_line' id='line_1_41' title="bbox 115 3957 1762 4036; baseline -0.005 -16"><span class='ocrx_word' id='word_1_571' title='bbox 115 3970 138 4020; x_wconf 89' lang='lat' dir='ltr'>et</span> <span class='ocrx_word' id='word_1_572' title='bbox 152 3963 266 4036; x_wconf 87' lang='lat' dir='ltr'>superbi</span> <span class='ocrx_word' id='word_1_573' title='bbox 280 3964 391 4020; x_wconf 88' lang='lat' dir='ltr'>intrent.</span> <span class='ocrx_word' id='word_1_574' title='bbox 998 3965 1085 4022; x_wconf 80' lang='lat' dir='ltr'>Vuae.</span> <span class='ocrx_word' id='word_1_575' title='bbox 1100 3966 1144 4020; x_wconf 79' lang='grc'>16.</span> <span class='ocrx_word' id='word_1_576' title='bbox 1155 3964 1245 4020; x_wconf 88' lang='lat' dir='ltr'>-Sic</span> <span class='ocrx_word' id='word_1_577' title='bbox 1259 3965 1346 4019; x_wconf 81' lang='lat' dir='ltr'>eruet</span> <span class='ocrx_word' id='word_1_578' title='bbox 1359 3961 1506 4019; x_wconf 78' lang='lat' dir='ltr'>novissimi</span> <span class='ocrx_word' id='word_1_579' title='bbox 1516 3959 1627 4034; x_wconf 79' lang='lat' dir='ltr'>primi(</span> <span class='ocrx_word' id='word_1_580' title='bbox 1636 3957 1720 4030; x_wconf 80' lang='lat' dir='ltr'>duc.)</span> <span class='ocrx_word' id='word_1_581' title='bbox 1731 3957 1762 4014; x_wconf 93' lang='lat' dir='ltr'>ld</span> 
     </span>
    </p>

    <p class='ocr_par' dir='ltr' id='par_1_7' title="bbox 115 4049 1763 4748">
     <span class='ocr_line' id='line_1_42' title="bbox 146 4049 1761 4128; baseline -0.004 -21"><span class='ocrx_word' id='word_1_582' title='bbox 146 4052 231 4108; x_wconf 81' lang='lat' dir='ltr'>Vsus.</span> <span class='ocrx_word' id='word_1_583' title='bbox 247 4056 292 4111; x_wconf 87' lang='grc'>28.</span> <span class='ocrx_word' id='word_1_584' title='bbox 307 4083 343 4094; x_wconf 95' lang='grc'>-</span> <span class='ocrx_word' id='word_1_585' title='bbox 364 4054 397 4110; x_wconf 87' lang='lat' dir='ltr'>ln</span> <span class='ocrx_word' id='word_1_586' title='bbox 419 4055 612 4126; x_wconf 78' lang='lat' dir='ltr'>praenotione.</span> <span class='ocrx_word' id='word_1_587' title='bbox 628 4054 695 4110; x_wconf 86' lang='lat' dir='ltr'>Duae</span> <span class='ocrx_word' id='word_1_588' title='bbox 710 4062 773 4111; x_wconf 91' lang='lat' dir='ltr'>sunt</span> <span class='ocrx_word' id='word_1_589' title='bbox 791 4069 911 4128; x_wconf 79' lang='lat' dir='ltr'>regene-</span> <span class='ocrx_word' id='word_1_590' title='bbox 963 4061 1014 4123; x_wconf 87' lang='lat' dir='ltr'>est,</span> <span class='ocrx_word' id='word_1_591' title='bbox 1030 4051 1116 4109; x_wconf 84' lang='lat' dir='ltr'>Judaei</span> <span class='ocrx_word' id='word_1_592' title='bbox 1128 4052 1163 4108; x_wconf 92' lang='lat' dir='ltr'>de</span> <span class='ocrx_word' id='word_1_593' title='bbox 1176 4051 1264 4124; x_wconf 88' lang='lat' dir='ltr'>capite</span> <span class='ocrx_word' id='word_1_594' title='bbox 1278 4058 1416 4107; x_wconf 81' lang='lat' dir='ltr'>uertentur</span> <span class='ocrx_word' id='word_1_595' title='bbox 1430 4050 1457 4106; x_wconf 93' lang='lat' dir='ltr'>in</span> <span class='ocrx_word' id='word_1_596' title='bbox 1473 4049 1605 4106; x_wconf 89' lang='lat' dir='ltr'>caudam:</span> <span class='ocrx_word' id='word_1_597' title='bbox 1620 4055 1647 4104; x_wconf 87' lang='lat' dir='ltr'>et</span> <span class='ocrx_word' id='word_1_598' title='bbox 1664 4054 1761 4120; x_wconf 77' lang='lat' dir='ltr'>gentes</span> 
     </span>
     <span class='ocr_line' id='line_1_43' title="bbox 115 4134 1763 4216; baseline -0.004 -20"><span class='ocrx_word' id='word_1_599' title='bbox 115 4141 241 4207; x_wconf 86' lang='lat' dir='ltr'>rationes,</span> <span class='ocrx_word' id='word_1_600' title='bbox 256 4141 346 4211; x_wconf 92' lang='lat' dir='ltr'>prima</span> <span class='ocrx_word' id='word_1_601' title='bbox 361 4157 394 4197; x_wconf 87' lang='lat' dir='ltr'>ex</span> <span class='ocrx_word' id='word_1_602' title='bbox 409 4156 481 4216; x_wconf 88' lang='lat' dir='ltr'>aqua</span> <span class='ocrx_word' id='word_1_603' title='bbox 497 4149 524 4198; x_wconf 91' lang='lat' dir='ltr'>et</span> <span class='ocrx_word' id='word_1_604' title='bbox 538 4141 641 4214; x_wconf 87' lang='lat' dir='ltr'>Spiritu</span> <span class='ocrx_word' id='word_1_605' title='bbox 657 4150 761 4209; x_wconf 89' lang='lat' dir='ltr'>sancto,</span> <span class='ocrx_word' id='word_1_606' title='bbox 786 4143 909 4200; x_wconf 91' lang='lat' dir='ltr'>secunda</span> <span class='ocrx_word' id='word_1_607' title='bbox 963 4143 997 4198; x_wconf 90' lang='lat' dir='ltr'>de</span> <span class='ocrx_word' id='word_1_608' title='bbox 1012 4141 1097 4199; x_wconf 92' lang='lat' dir='ltr'>cauda</span> <span class='ocrx_word' id='word_1_609' title='bbox 1112 4140 1139 4197; x_wconf 93' lang='lat' dir='ltr'>in</span> <span class='ocrx_word' id='word_1_610' title='bbox 1151 4148 1239 4212; x_wconf 92' lang='lat' dir='ltr'>caput.</span> <span class='ocrx_word' id='word_1_611' title='bbox 1257 4139 1335 4195; x_wconf 92' lang='lat' dir='ltr'>Unde</span> <span class='ocrx_word' id='word_1_612' title='bbox 1349 4140 1457 4211; x_wconf 86' lang='lat' dir='ltr'>lloyses</span> <span class='ocrx_word' id='word_1_613' title='bbox 1470 4138 1497 4194; x_wconf 92' lang='lat' dir='ltr'>in</span> <span class='ocrx_word' id='word_1_614' title='bbox 1512 4135 1716 4194; x_wconf 88' lang='lat' dir='ltr'>Deuteronomii</span> <span class='ocrx_word' id='word_1_615' title='bbox 1730 4134 1763 4190; x_wconf 93' lang='lat' dir='ltr'>li·</span> 
     </span>
     <span class='ocr_line' id='line_1_44' title="bbox 115 4225 1761 4303; baseline -0.004 -18"><span class='ocrx_word' id='word_1_616' title='bbox 115 4229 140 4285; x_wconf 90' lang='lat' dir='ltr'>iu</span> <span class='ocrx_word' id='word_1_617' title='bbox 153 4231 366 4287; x_wconf 89' lang='lat' dir='ltr'>resurrectione.</span> <span class='ocrx_word' id='word_1_618' title='bbox 381 4231 422 4287; x_wconf 90' lang='lat' dir='ltr'>lta</span> <span class='ocrx_word' id='word_1_619' title='bbox 436 4231 497 4288; x_wconf 84' lang='lat' dir='ltr'>duae</span> <span class='ocrx_word' id='word_1_620' title='bbox 520 4232 681 4303; x_wconf 86' lang='lat' dir='ltr'>adoptiones</span> <span class='ocrx_word' id='word_1_621' title='bbox 705 4239 732 4288; x_wconf 89' lang='lat' dir='ltr'>et</span> <span class='ocrx_word' id='word_1_622' title='bbox 746 4232 806 4288; x_wconf 82' lang='lat' dir='ltr'>duae</span> <span class='ocrx_word' id='word_1_623' title='bbox 820 4247 912 4289; x_wconf 92' lang='lat' dir='ltr'>resur·</span> <span class='ocrx_word' id='word_1_624' title='bbox 966 4231 1015 4287; x_wconf 91' lang='lat' dir='ltr'>bro</span> <span class='ocrx_word' id='word_1_625' title='bbox 1029 4247 1035 4285; x_wconf 92' lang='lat'>:</span> <span class='ocrx_word' id='word_1_626' title='bbox 1047 4230 1161 4286; x_wconf 77' lang='lat' dir='ltr'>Aduena</span> <span class='ocrx_word' id='word_1_627' title='bbox 1170 4229 1219 4303; x_wconf 80' lang='lat' dir='ltr'>pati</span> <span class='ocrx_word' id='word_1_628' title='bbox 1228 4232 1470 4294; x_wconf 71' lang='lat' dir='ltr'>incriminaretur,</span> <span class='ocrx_word' id='word_1_629' title='bbox 1482 4225 1615 4283; x_wconf 80' lang='lat' dir='ltr'>ascendet</span> <span class='ocrx_word' id='word_1_630' title='bbox 1625 4228 1761 4297; x_wconf 84' lang='lat' dir='ltr'>superte:</span> 
     </span>
     <span class='ocr_line' id='line_1_45' title="bbox 116 4312 1759 4392; baseline -0.004 -19"><span class='ocrx_word' id='word_1_631' title='bbox 116 4319 257 4376; x_wconf 86' lang='lat' dir='ltr'>rectiones.</span> <span class='ocrx_word' id='word_1_632' title='bbox 276 4319 366 4376; x_wconf 77' lang='lat' dir='ltr'>lilius</span> <span class='ocrx_word' id='word_1_633' title='bbox 381 4319 514 4376; x_wconf 77' lang='lat' dir='ltr'>bominis.</span> <span class='ocrx_word' id='word_1_634' title='bbox 531 4320 561 4375; x_wconf 93' lang='lat' dir='ltr'>ld</span> <span class='ocrx_word' id='word_1_635' title='bbox 576 4329 632 4390; x_wconf 83' lang='lat' dir='ltr'>cst,</span> <span class='ocrx_word' id='word_1_636' title='bbox 656 4336 719 4377; x_wconf 92' lang='lat' dir='ltr'>eum</span> <span class='ocrx_word' id='word_1_637' title='bbox 734 4321 807 4377; x_wconf 85' lang='lat' dir='ltr'>servi</span> <span class='ocrx_word' id='word_1_638' title='bbox 823 4320 911 4378; x_wconf 89' lang='lat' dir='ltr'>lorma</span> <span class='ocrx_word' id='word_1_639' title='bbox 962 4320 1012 4376; x_wconf 87' lang='lat' dir='ltr'>lile</span> <span class='ocrx_word' id='word_1_640' title='bbox 1024 4321 1080 4375; x_wconf 87' lang='lat' dir='ltr'>erit</span> <span class='ocrx_word' id='word_1_641' title='bbox 1089 4319 1121 4374; x_wconf 90' lang='lat' dir='ltr'>in</span> <span class='ocrx_word' id='word_1_642' title='bbox 1132 4322 1232 4392; x_wconf 85' lang='lat' dir='ltr'>caput,</span> <span class='ocrx_word' id='word_1_643' title='bbox 1254 4322 1282 4374; x_wconf 88' lang='lat' dir='ltr'>ct</span> <span class='ocrx_word' id='word_1_644' title='bbox 1293 4322 1326 4374; x_wconf 84' lang='lat' dir='ltr'>tu</span> <span class='ocrx_word' id='word_1_645' title='bbox 1340 4317 1396 4374; x_wconf 81' lang='lat' dir='ltr'>eris</span> <span class='ocrx_word' id='word_1_646' title='bbox 1411 4316 1442 4372; x_wconf 87' lang='lat' dir='ltr'>in</span> <span class='ocrx_word' id='word_1_647' title='bbox 1453 4316 1584 4372; x_wconf 83' lang='lat' dir='ltr'>caudam.</span> <span class='ocrx_word' id='word_1_648' title='bbox 1599 4312 1654 4371; x_wconf 90' lang='lat' dir='ltr'>Sed</span> <span class='ocrx_word' id='word_1_649' title='bbox 1670 4319 1759 4368; x_wconf 89' lang='lat' dir='ltr'>tamen</span> 
     </span>
     <span class='ocr_line' id='line_1_46' title="bbox 115 4401 1759 4482; baseline -0.005 -18"><span class='ocrx_word' id='word_1_650' title='bbox 115 4422 169 4479; x_wconf 74' lang='lat' dir='ltr'>quae</span> <span class='ocrx_word' id='word_1_651' title='bbox 181 4406 305 4478; x_wconf 78' lang='lat' dir='ltr'>iudicata</span> <span class='ocrx_word' id='word_1_652' title='bbox 319 4416 362 4464; x_wconf 91' lang='lat' dir='ltr'>est</span> <span class='ocrx_word' id='word_1_653' title='bbox 371 4408 544 4478; x_wconf 84' lang='lat' dir='ltr'>judiciariam</span> <span class='ocrx_word' id='word_1_654' title='bbox 561 4409 713 4466; x_wconf 84' lang='lat' dir='ltr'>exercuerit</span> <span class='ocrx_word' id='word_1_655' title='bbox 735 4415 909 4482; x_wconf 85' lang='lat' dir='ltr'>potestatem,</span> <span class='ocrx_word' id='word_1_656' title='bbox 963 4422 1014 4464; x_wconf 90' lang='lat' dir='ltr'>uec</span> <span class='ocrx_word' id='word_1_657' title='bbox 1028 4422 1124 4464; x_wconf 88' lang='lat' dir='ltr'>omnes</span> <span class='ocrx_word' id='word_1_658' title='bbox 1138 4406 1218 4480; x_wconf 91' lang='lat' dir='ltr'>primi</span> <span class='ocrx_word' id='word_1_659' title='bbox 1234 4421 1284 4463; x_wconf 90' lang='lat' dir='ltr'>nec</span> <span class='ocrx_word' id='word_1_660' title='bbox 1306 4421 1401 4461; x_wconf 90' lang='lat' dir='ltr'>omues</span> <span class='ocrx_word' id='word_1_661' title='bbox 1415 4402 1555 4461; x_wconf 89' lang='lat' dir='ltr'>novissimi</span> <span class='ocrx_word' id='word_1_662' title='bbox 1569 4401 1604 4456; x_wconf 92' lang='lat' dir='ltr'>ad</span> <span class='ocrx_word' id='word_1_663' title='bbox 1618 4415 1759 4457; x_wconf 89' lang='lat' dir='ltr'>numemm</span> 
     </span>
     <span class='ocr_line' id='line_1_47' title="bbox 115 4485 1265 4573; baseline -0.001 -22"><span class='ocrx_word' id='word_1_664' title='bbox 115 4497 184 4553; x_wconf 88' lang='lat' dir='ltr'>eritis</span> <span class='ocrx_word' id='word_1_665' title='bbox 198 4505 227 4553; x_wconf 89' lang='lat' dir='ltr'>et</span> <span class='ocrx_word' id='word_1_666' title='bbox 242 4513 292 4553; x_wconf 85' lang='lat' dir='ltr'>vos</span> <span class='ocrx_word' id='word_1_667' title='bbox 307 4513 415 4554; x_wconf 91' lang='lat' dir='ltr'>mecum</span> <span class='ocrx_word' id='word_1_668' title='bbox 427 4497 545 4567; x_wconf 77' lang='lat' dir='ltr'>iudices.</span> <span class='ocrx_word' id='word_1_669' title='bbox 562 4500 652 4573; x_wconf 86' lang='lat' dir='ltr'>Super</span> <span class='ocrx_word' id='word_1_670' title='bbox 666 4499 744 4557; x_wconf 81' lang='lat' dir='ltr'>seder</span> <span class='ocrx_word' id='word_1_671' title='bbox 754 4485 948 4557; x_wconf 77' lang='lat' dir='ltr'>duodecimD</span> <span class='ocrx_word' id='word_1_672' title='bbox 964 4497 1109 4554; x_wconf 89' lang='lat' dir='ltr'>electorum</span> <span class='ocrx_word' id='word_1_673' title='bbox 1122 4495 1265 4569; x_wconf 88' lang='lat' dir='ltr'>pertinent.</span> 
     </span>
     <span class='ocr_line' id='line_1_48' title="bbox 115 4578 1759 4658; baseline -0.003 -18"><span class='ocrx_word' id='word_1_674' title='bbox 115 4582 161 4641; x_wconf 88' lang='lat' dir='ltr'>l’er</span> <span class='ocrx_word' id='word_1_675' title='bbox 183 4586 332 4644; x_wconf 88' lang='lat' dir='ltr'>duodecim</span> <span class='ocrx_word' id='word_1_676' title='bbox 356 4587 451 4658; x_wconf 87' lang='lat' dir='ltr'>sedes,</span> <span class='ocrx_word' id='word_1_677' title='bbox 477 4587 642 4644; x_wconf 84' lang='lat' dir='ltr'>universitas</span> <span class='ocrx_word' id='word_1_678' title='bbox 652 4588 843 4658; x_wconf 89' lang='lat' dir='ltr'>judicantium.</span> <span class='ocrx_word' id='word_1_679' title='bbox 860 4590 912 4646; x_wconf 91' lang='lat' dir='ltr'>Per</span> <span class='ocrx_word' id='word_1_680' title='bbox 998 4585 1085 4641; x_wconf 83' lang='lat' dir='ltr'>Vens.</span> <span class='ocrx_word' id='word_1_681' title='bbox 1101 4581 1467 4647; x_wconf 80' lang='lat' dir='ltr'>le.-Eeeearccndimus,</span> <span class='ocrx_word' id='word_1_682' title='bbox 1485 4587 1537 4637; x_wconf 91' lang='lat' dir='ltr'>etc.</span> <span class='ocrx_word' id='word_1_683' title='bbox 1563 4578 1686 4652; x_wconf 80' lang='lat' dir='ltr'>(Hira.)</span> <span class='ocrx_word' id='word_1_684' title='bbox 1701 4579 1759 4634; x_wconf 87' lang='lat' dir='ltr'>llue</span> 
     </span>
     <span class='ocr_line' id='line_1_49' title="bbox 115 4671 1760 4748; baseline -0.004 -20"><span class='ocrx_word' id='word_1_685' title='bbox 115 4672 253 4732; x_wconf 87' lang='lat' dir='ltr'>duodecim</span> <span class='ocrx_word' id='word_1_686' title='bbox 278 4675 380 4742; x_wconf 83' lang='lat' dir='ltr'>tribus,</span> <span class='ocrx_word' id='word_1_687' title='bbox 406 4676 569 4733; x_wconf 80' lang='lat' dir='ltr'>universitas</span> <span class='ocrx_word' id='word_1_688' title='bbox 581 4677 793 4746; x_wconf 87' lang='lat' dir='ltr'>judicandomm</span> <span class='ocrx_word' id='word_1_689' title='bbox 807 4677 911 4735; x_wconf 90' lang='lat' dir='ltr'>intelli·</span> <span class='ocrx_word' id='word_1_690' title='bbox 964 4691 1039 4748; x_wconf 87' lang='lat' dir='ltr'>saepe</span> <span class='ocrx_word' id='word_1_691' title='bbox 1054 4675 1094 4732; x_wconf 91' lang='lat' dir='ltr'>eis</span> <span class='ocrx_word' id='word_1_692' title='bbox 1108 4674 1219 4738; x_wconf 81' lang='lat' dir='ltr'>dixerat,</span> <span class='ocrx_word' id='word_1_693' title='bbox 1235 4680 1304 4737; x_wconf 80' lang='lat' dir='ltr'>etc..</span> <span class='ocrx_word' id='word_1_694' title='bbox 1321 4687 1408 4743; x_wconf 83' lang='lat' dir='ltr'>esque</span> <span class='ocrx_word' id='word_1_695' title='bbox 1423 4671 1459 4727; x_wconf 88' lang='lat' dir='ltr'>od</span> <span class='ocrx_word' id='word_1_696' title='bbox 1479 4677 1691 4728; x_wconf 89' lang='lat' dir='ltr'>resurrecturum</span> <span class='ocrx_word' id='word_1_697' title='bbox 1705 4683 1760 4724; x_wconf 90' lang='lat' dir='ltr'>nen</span> 
     </span>
    </p>
   </div>
   <div class='ocr_carea' id='block_1_4' title="bbox 115 4762 1760 4927">
    <p class='ocr_par' dir='ltr' id='par_1_8' title="bbox 115 4762 1760 4927">
     <span class='ocr_line' id='line_1_50' title="bbox 115 4762 1094 4836; baseline 0.001 -18"><span class='ocrx_word' id='word_1_698' title='bbox 115 4763 188 4834; x_wconf 73' lang='lat' dir='ltr'>gitur.</span> <span class='ocrx_word' id='word_1_699' title='bbox 206 4762 262 4833; x_wconf 94' lang='lat' dir='ltr'>Qui</span> <span class='ocrx_word' id='word_1_700' title='bbox 276 4763 447 4836; x_wconf 85' lang='lat' dir='ltr'>reliquerunt</span> <span class='ocrx_word' id='word_1_701' title='bbox 474 4765 576 4833; x_wconf 86' lang='lat' dir='ltr'>omnia,</span> <span class='ocrx_word' id='word_1_702' title='bbox 594 4773 621 4822; x_wconf 90' lang='lat' dir='ltr'>et</span> <span class='ocrx_word' id='word_1_703' title='bbox 635 4766 721 4822; x_wconf 88' lang='lat' dir='ltr'>secuti</span> <span class='ocrx_word' id='word_1_704' title='bbox 737 4773 800 4822; x_wconf 89' lang='lat' dir='ltr'>sunt</span> <span class='ocrx_word' id='word_1_705' title='bbox 815 4768 911 4823; x_wconf 90' lang='lat' dir='ltr'>Domi·</span> <span class='ocrx_word' id='word_1_706' title='bbox 962 4764 1094 4822; x_wconf 90' lang='lat' dir='ltr'>dubitent.</span> 
     </span>
     <span class='ocr_line' id='line_1_51' title="bbox 115 4846 1760 4927; baseline -0.002 -22"><span class='ocrx_word' id='word_1_707' title='bbox 115 4867 182 4919; x_wconf 84' lang='lat' dir='ltr'>num,</span> <span class='ocrx_word' id='word_1_708' title='bbox 198 4853 227 4908; x_wconf 90' lang='lat' dir='ltr'>hi</span> <span class='ocrx_word' id='word_1_709' title='bbox 239 4852 348 4922; x_wconf 83' lang='lat' dir='ltr'>judices</span> <span class='ocrx_word' id='word_1_710' title='bbox 362 4860 442 4909; x_wconf 89' lang='lat' dir='ltr'>eruut</span> <span class='ocrx_word' id='word_1_711' title='bbox 459 4871 466 4908; x_wconf 91' lang='lat'>:</span> <span class='ocrx_word' id='word_1_712' title='bbox 484 4854 529 4927; x_wconf 91' lang='lat' dir='ltr'>qui</span> <span class='ocrx_word' id='word_1_713' title='bbox 547 4854 619 4910; x_wconf 91' lang='lat' dir='ltr'>licita</span> <span class='ocrx_word' id='word_1_714' title='bbox 634 4855 853 4912; x_wconf 88' lang='lat' dir='ltr'>babentesrecte</span> <span class='ocrx_word' id='word_1_715' title='bbox 868 4857 911 4912; x_wconf 92' lang='lat' dir='ltr'>usi</span> <span class='ocrx_word' id='word_1_716' title='bbox 998 4853 1084 4909; x_wconf 82' lang='lat' dir='ltr'>Vens.</span> <span class='ocrx_word' id='word_1_717' title='bbox 1097 4854 1141 4907; x_wconf 73' lang='lat' dir='ltr'>le.</span> <span class='ocrx_word' id='word_1_718' title='bbox 1152 4879 1188 4892; x_wconf 91' lang='lat'>-</span> <span class='ocrx_word' id='word_1_719' title='bbox 1198 4850 1238 4907; x_wconf 82' lang='lat' dir='ltr'>Ad</span> <span class='ocrx_word' id='word_1_720' title='bbox 1248 4848 1438 4918; x_wconf 83' lang='lat' dir='ltr'>illudendum,</span> <span class='ocrx_word' id='word_1_721' title='bbox 1450 4857 1502 4906; x_wconf 90' lang='lat' dir='ltr'>etc.</span> <span class='ocrx_word' id='word_1_722' title='bbox 1517 4849 1581 4906; x_wconf 89' lang='lat' dir='ltr'>ldeo</span> <span class='ocrx_word' id='word_1_723' title='bbox 1590 4848 1722 4906; x_wconf 87' lang='lat' dir='ltr'>Dominus</span> <span class='ocrx_word' id='word_1_724' title='bbox 1732 4846 1760 4902; x_wconf 91' lang='lat' dir='ltr'>iu</span> 
     </span>
    </p>
   </div>
   <div class='ocr_carea' id='block_1_5' title="bbox 112 4938 1761 5642">
    <p class='ocr_par' dir='ltr' id='par_1_9' title="bbox 114 4938 1761 5178">
     <span class='ocr_line' id='line_1_52' title="bbox 115 4938 1761 5015; baseline -0.004 -19"><span class='ocrx_word' id='word_1_725' title='bbox 115 4949 179 5013; x_wconf 80' lang='lat' dir='ltr'>sunt,</span> <span class='ocrx_word' id='word_1_726' title='bbox 192 4942 409 5012; x_wconf 83' lang='lat' dir='ltr'>judicabuntur,</span> <span class='ocrx_word' id='word_1_727' title='bbox 435 4942 535 5015; x_wconf 86' lang='lat' dir='ltr'>quibus</span> <span class='ocrx_word' id='word_1_728' title='bbox 558 4942 682 5000; x_wconf 90' lang='lat' dir='ltr'>dicetur:</span> <span class='ocrx_word' id='word_1_729' title='bbox 698 4946 810 5009; x_wconf 81' lang='lat' dir='ltr'>Venite,</span> <span class='ocrx_word' id='word_1_730' title='bbox 826 4945 910 5001; x_wconf 85' lang='lat' dir='ltr'>bene·</span> <span class='ocrx_word' id='word_1_731' title='bbox 961 4939 1063 4999; x_wconf 91' lang='lat' dir='ltr'>mundo</span> <span class='ocrx_word' id='word_1_732' title='bbox 1086 4939 1169 4996; x_wconf 89' lang='lat' dir='ltr'>noluit</span> <span class='ocrx_word' id='word_1_733' title='bbox 1193 4939 1347 5012; x_wconf 88' lang='lat' dir='ltr'>prosperari</span> <span class='ocrx_word' id='word_1_734' title='bbox 1362 4938 1411 4994; x_wconf 89' lang='lat' dir='ltr'>sed</span> <span class='ocrx_word' id='word_1_735' title='bbox 1427 4938 1519 5012; x_wconf 82' lang='lat' dir='ltr'>gravia</span> <span class='ocrx_word' id='word_1_736' title='bbox 1534 4938 1600 5011; x_wconf 91' lang='lat' dir='ltr'>pati,</span> <span class='ocrx_word' id='word_1_737' title='bbox 1623 4946 1652 4994; x_wconf 95' lang='lat' dir='ltr'>ut</span> <span class='ocrx_word' id='word_1_738' title='bbox 1667 4944 1761 4993; x_wconf 91' lang='lat' dir='ltr'>osten·</span> 
     </span>
     <span class='ocr_line' id='line_1_53' title="bbox 115 5028 1761 5103; baseline -0.001 -19"><span class='ocrx_word' id='word_1_739' title='bbox 115 5029 284 5088; x_wconf 78' lang='lat' dir='ltr'>dictiPotrir</span> <span class='ocrx_word' id='word_1_740' title='bbox 295 5033 352 5088; x_wconf 80' lang='lat' dir='ltr'>ntet&#39;</span> <span class='ocrx_word' id='word_1_741' title='bbox 363 5033 494 5088; x_wconf 82' lang='lat' dir='ltr'>:liseriui</span> <span class='ocrx_word' id='word_1_742' title='bbox 505 5033 618 5089; x_wconf 82' lang='lat' dir='ltr'>enimet</span> <span class='ocrx_word' id='word_1_743' title='bbox 628 5033 824 5090; x_wconf 78' lang='lat' dir='ltr'>dedistismihi</span> <span class='ocrx_word' id='word_1_744' title='bbox 834 5050 911 5090; x_wconf 86' lang='lat' dir='ltr'>mon·</span> <span class='ocrx_word' id='word_1_745' title='bbox 960 5031 1037 5090; x_wconf 91' lang='lat' dir='ltr'>deret</span> <span class='ocrx_word' id='word_1_746' title='bbox 1050 5045 1102 5087; x_wconf 89' lang='lat' dir='ltr'>uos</span> <span class='ocrx_word' id='word_1_747' title='bbox 1116 5029 1162 5103; x_wconf 85' lang='lat' dir='ltr'>qui</span> <span class='ocrx_word' id='word_1_748' title='bbox 1175 5045 1225 5102; x_wconf 90' lang='lat' dir='ltr'>pcr</span> <span class='ocrx_word' id='word_1_749' title='bbox 1234 5028 1439 5085; x_wconf 88' lang='lat' dir='ltr'>delectationem</span> <span class='ocrx_word' id='word_1_750' title='bbox 1463 5028 1610 5085; x_wconf 91' lang='lat' dir='ltr'>cecidimus</span> <span class='ocrx_word' id='word_1_751' title='bbox 1633 5044 1694 5084; x_wconf 92' lang='lat' dir='ltr'>cum</span> <span class='ocrx_word' id='word_1_752' title='bbox 1707 5041 1761 5098; x_wconf 85' lang='lat' dir='ltr'>qua</span> 
     </span>
     <span class='ocr_line' id='line_1_54' title="bbox 114 5119 1414 5178; baseline 0.001 -4"><span class='ocrx_word' id='word_1_753' title='bbox 114 5119 220 5178; x_wconf 84' lang='lat' dir='ltr'>decore.</span> <span class='ocrx_word' id='word_1_754' title='bbox 236 5120 298 5177; x_wconf 88' lang='lat' dir='ltr'>Duo</span> <span class='ocrx_word' id='word_1_755' title='bbox 318 5121 392 5176; x_wconf 89' lang='lat' dir='ltr'>enirn</span> <span class='ocrx_word' id='word_1_756' title='bbox 407 5128 469 5176; x_wconf 90' lang='lat' dir='ltr'>sunt</span> <span class='ocrx_word' id='word_1_757' title='bbox 483 5121 595 5178; x_wconf 89' lang='lat' dir='ltr'>ordines</span> <span class='ocrx_word' id='word_1_758' title='bbox 619 5122 763 5178; x_wconf 89' lang='lat' dir='ltr'>bonorum.</span> <span class='ocrx_word' id='word_1_759' title='bbox 960 5119 1140 5178; x_wconf 84' lang='lat' dir='ltr'>amaritudine</span> <span class='ocrx_word' id='word_1_760' title='bbox 1154 5119 1243 5177; x_wconf 91' lang='lat' dir='ltr'>redire</span> <span class='ocrx_word' id='word_1_761' title='bbox 1258 5119 1414 5175; x_wconf 87' lang='lat' dir='ltr'>debeamus.</span> 
     </span>
    </p>

    <p class='ocr_par' dir='ltr' id='par_1_10' title="bbox 112 5207 1760 5642">
     <span class='ocr_line' id='line_1_55' title="bbox 144 5207 1760 5286; baseline -0.003 -20"><span class='ocrx_word' id='word_1_762' title='bbox 144 5208 229 5266; x_wconf 74' lang='lat' dir='ltr'>Vens.</span> <span class='ocrx_word' id='word_1_763' title='bbox 245 5213 290 5267; x_wconf 83' lang='grc'>29.</span> <span class='ocrx_word' id='word_1_764' title='bbox 303 5239 338 5250; x_wconf 91' lang='grc'>-</span> <span class='ocrx_word' id='word_1_765' title='bbox 350 5210 531 5284; x_wconf 80' lang='lat' dir='ltr'>Centnplum.</span> <span class='ocrx_word' id='word_1_766' title='bbox 550 5211 644 5280; x_wconf 88' lang='lat' dir='ltr'>idest,</span> <span class='ocrx_word' id='word_1_767' title='bbox 661 5212 707 5285; x_wconf 91' lang='lat' dir='ltr'>qui</span> <span class='ocrx_word' id='word_1_768' title='bbox 727 5211 910 5286; x_wconf 88' lang='lat' dir='ltr'>camaliapro</span> <span class='ocrx_word' id='word_1_769' title='bbox 983 5209 1081 5265; x_wconf 77' lang='lat' dir='ltr'>-Vsns</span> <span class='ocrx_word' id='word_1_770' title='bbox 1094 5211 1139 5266; x_wconf 83' lang='grc'>20.</span> <span class='ocrx_word' id='word_1_771' title='bbox 1152 5238 1186 5251; x_wconf 94' lang='grc'>-</span> <span class='ocrx_word' id='word_1_772' title='bbox 1199 5211 1274 5266; x_wconf 81' lang='lat' dir='ltr'>Tunc</span> <span class='ocrx_word' id='word_1_773' title='bbox 1284 5207 1449 5266; x_wconf 81' lang='lat' dir='ltr'>occessitod</span> <span class='ocrx_word' id='word_1_774' title='bbox 1460 5224 1537 5265; x_wconf 85' lang='lat' dir='ltr'>cunt.</span> <span class='ocrx_word' id='word_1_775' title='bbox 1554 5207 1653 5264; x_wconf 78' lang='lat' dir='ltr'>Audita</span> <span class='ocrx_word' id='word_1_776' title='bbox 1671 5222 1760 5265; x_wconf 88' lang='lat' dir='ltr'>resur-</span> 
     </span>
     <span class='ocr_line' id='line_1_56' title="bbox 112 5294 1759 5373; baseline -0.004 -19"><span class='ocrx_word' id='word_1_777' title='bbox 112 5296 223 5355; x_wconf 83' lang='lat' dir='ltr'>bcmiuo</span> <span class='ocrx_word' id='word_1_778' title='bbox 238 5298 385 5364; x_wconf 87' lang='lat' dir='ltr'>dimiserit,</span> <span class='ocrx_word' id='word_1_779' title='bbox 403 5299 556 5370; x_wconf 85' lang='lat' dir='ltr'>spiritualia</span> <span class='ocrx_word' id='word_1_780' title='bbox 579 5300 696 5373; x_wconf 84' lang='lat' dir='ltr'>accipiet</span> <span class='ocrx_word' id='word_1_781' title='bbox 712 5317 773 5373; x_wconf 82' lang='lat' dir='ltr'>quae</span> <span class='ocrx_word' id='word_1_782' title='bbox 795 5317 909 5372; x_wconf 88' lang='lat' dir='ltr'>compa·</span> <span class='ocrx_word' id='word_1_783' title='bbox 960 5298 1079 5357; x_wconf 89' lang='lat' dir='ltr'>rectione</span> <span class='ocrx_word' id='word_1_784' title='bbox 1101 5298 1202 5370; x_wconf 89' lang='lat' dir='ltr'>putavit</span> <span class='ocrx_word' id='word_1_785' title='bbox 1225 5313 1287 5354; x_wconf 90' lang='lat' dir='ltr'>eum</span> <span class='ocrx_word' id='word_1_786' title='bbox 1311 5297 1382 5354; x_wconf 90' lang='lat' dir='ltr'>illico</span> <span class='ocrx_word' id='word_1_787' title='bbox 1406 5297 1570 5370; x_wconf 84' lang='lat' dir='ltr'>(immemor</span> <span class='ocrx_word' id='word_1_788' title='bbox 1583 5294 1696 5353; x_wconf 87' lang='lat' dir='ltr'>secundi</span> <span class='ocrx_word' id='word_1_789' title='bbox 1711 5295 1759 5348; x_wconf 88' lang='lat' dir='ltr'>ad·</span> 
     </span>
     <span class='ocr_line' id='line_1_57' title="bbox 112 5381 1756 5462; baseline -0.004 -20"><span class='ocrx_word' id='word_1_790' title='bbox 112 5388 212 5444; x_wconf 84' lang='lat' dir='ltr'>ratione</span> <span class='ocrx_word' id='word_1_791' title='bbox 226 5396 256 5444; x_wconf 90' lang='lat' dir='ltr'>et</span> <span class='ocrx_word' id='word_1_792' title='bbox 269 5387 369 5443; x_wconf 91' lang='lat' dir='ltr'>meritc</span> <span class='ocrx_word' id='word_1_793' title='bbox 384 5389 425 5443; x_wconf 92' lang='lat' dir='ltr'>sui</span> <span class='ocrx_word' id='word_1_794' title='bbox 440 5388 477 5444; x_wconf 88' lang='lat' dir='ltr'>ita</span> <span class='ocrx_word' id='word_1_795' title='bbox 493 5396 587 5455; x_wconf 90' lang='lat' dir='ltr'>erunt,</span> <span class='ocrx_word' id='word_1_796' title='bbox 600 5390 679 5462; x_wconf 89' lang='lat' dir='ltr'>quasi</span> <span class='ocrx_word' id='word_1_797' title='bbox 693 5405 779 5462; x_wconf 90' lang='lat' dir='ltr'>parvo</span> <span class='ocrx_word' id='word_1_798' title='bbox 794 5405 910 5448; x_wconf 90' lang='lat' dir='ltr'>numero</span> <span class='ocrx_word' id='word_1_799' title='bbox 958 5387 1075 5458; x_wconf 85' lang='lat' dir='ltr'>ventus)</span> <span class='ocrx_word' id='word_1_800' title='bbox 1089 5396 1272 5460; x_wconf 78' lang='lat' dir='ltr'>regnaturum,</span> <span class='ocrx_word' id='word_1_801' title='bbox 1288 5395 1315 5444; x_wconf 92' lang='lat' dir='ltr'>et</span> <span class='ocrx_word' id='word_1_802' title='bbox 1328 5386 1455 5444; x_wconf 87' lang='lat' dir='ltr'>aviditate</span> <span class='ocrx_word' id='word_1_803' title='bbox 1479 5385 1595 5444; x_wconf 88' lang='lat' dir='ltr'>leminea</span> <span class='ocrx_word' id='word_1_804' title='bbox 1612 5381 1756 5456; x_wconf 75' lang='lat' dir='ltr'>prasentia</span> 
     </span>
     <span class='ocr_line' id='line_1_58' title="bbox 112 5476 1371 5549; baseline 0 -17"><span class='ocrx_word' id='word_1_805' title='bbox 112 5477 281 5534; x_wconf 85' lang='lat' dir='ltr'>centenarius</span> <span class='ocrx_word' id='word_1_806' title='bbox 293 5485 478 5549; x_wconf 87' lang='lat' dir='ltr'>comparetur.</span> <span class='ocrx_word' id='word_1_807' title='bbox 493 5479 601 5535; x_wconf 87' lang='lat' dir='ltr'>llarcus</span> <span class='ocrx_word' id='word_1_808' title='bbox 610 5477 648 5535; x_wconf 92' lang='lat' dir='ltr'>ait</span> <span class='ocrx_word' id='word_1_809' title='bbox 657 5497 663 5534; x_wconf 94' lang='lat'>:</span> <span class='ocrx_word' id='word_1_810' title='bbox 673 5479 783 5537; x_wconf 80' lang='lat' dir='ltr'>Centies</span> <span class='ocrx_word' id='word_1_811' title='bbox 795 5484 910 5537; x_wconf 84' lang='lat' dir='ltr'>tuntum</span> <span class='ocrx_word' id='word_1_812' title='bbox 959 5476 1042 5549; x_wconf 86' lang='lat' dir='ltr'>cupit,</span> <span class='ocrx_word' id='word_1_813' title='bbox 1058 5478 1201 5535; x_wconf 90' lang='lat' dir='ltr'>immemor</span> <span class='ocrx_word' id='word_1_814' title='bbox 1214 5477 1371 5534; x_wconf 87' lang='lat' dir='ltr'>iuturomm.</span> 
     </span>
     <span class='ocr_line' id='line_1_59' title="bbox 112 5557 1756 5642; baseline -0.006 -19"><span class='ocrx_word' id='word_1_815' title='bbox 112 5567 227 5626; x_wconf 80' lang='lat' dir='ltr'>nuncin</span> <span class='ocrx_word' id='word_1_816' title='bbox 238 5571 366 5640; x_wconf 84' lang='lat' dir='ltr'>tempore</span> <span class='ocrx_word' id='word_1_817' title='bbox 377 5567 426 5624; x_wconf 81' lang='lat' dir='ltr'>icc</span> <span class='ocrx_word' id='word_1_818' title='bbox 439 5583 504 5625; x_wconf 86' lang='lat' dir='ltr'>cnm</span> <span class='ocrx_word' id='word_1_819' title='bbox 512 5569 753 5640; x_wconf 79' lang='lat' dir='ltr'>persecutionibus</span> <span class='ocrx_word' id='word_1_820' title='bbox 764 5573 871 5642; x_wconf 71' lang='lat' dir='ltr'>fratrer</span> <span class='ocrx_word' id='word_1_821' title='bbox 881 5573 910 5625; x_wconf 84' lang='lat' dir='ltr'>et</span> <span class='ocrx_word' id='word_1_822' title='bbox 995 5567 1081 5623; x_wconf 80' lang='lat' dir='ltr'>Vnus.</span> <span class='ocrx_word' id='word_1_823' title='bbox 1096 5571 1140 5625; x_wconf 80' lang='grc'>21.</span> <span class='ocrx_word' id='word_1_824' title='bbox 1152 5595 1186 5608; x_wconf 89' lang='lat'>·-</span> <span class='ocrx_word' id='word_1_825' title='bbox 1195 5568 1244 5624; x_wconf 75' lang='lat' dir='ltr'>Die</span> <span class='ocrx_word' id='word_1_826' title='bbox 1258 5571 1309 5636; x_wconf 87' lang='lat' dir='ltr'>nt,</span> <span class='ocrx_word' id='word_1_827' title='bbox 1334 5574 1386 5623; x_wconf 86' lang='lat' dir='ltr'>etc.</span> <span class='ocrx_word' id='word_1_828' title='bbox 1403 5566 1505 5622; x_wconf 83' lang='grc' dir='ltr'>Βοιιιιιι</span> <span class='ocrx_word' id='word_1_829' title='bbox 1519 5559 1691 5625; x_wconf 83' lang='lat' dir='ltr'>desiderium,</span> <span class='ocrx_word' id='word_1_830' title='bbox 1708 5557 1756 5614; x_wconf 81' lang='lat' dir='ltr'>sed</span> 
     </span>
    </p>
   </div>
   <div class='ocr_carea' id='block_1_6' title="bbox 0 0 1890 6112">
    <p class='ocr_par' dir='ltr' id='par_1_11' title="bbox 0 0 1890 6112">
     <span class='ocr_line' id='line_1_60' title="bbox 0 0 1890 6112; baseline 0 0"><span class='ocrx_word' id='word_1_831' title='bbox 0 0 1890 6112; x_wconf 95' lang='lat' dir='ltr'> </span> 
     </span>
    </p>
   </div>
  </div>
 </body>
</html>
