3772 6112
108 265 161 320 889
465 253 654 312 EXPOSl'l'lO
669 255 707 340 lli
721 253 891 326 Qultuolt
904 255 1118 313 uvlndnttt.
1130 286 1165 297 —
1179 256 1217 311 lN
1227 255 1383 313 MARCUM.
1705 257 1758 312 tao

115 385 253 460 erientiam
266 382 369 455 populi,
385 397 436 452 per
450 380 619 451 paraliticum
633 381 751 435 ostendit
770 383 916 435 humanum
924 379 953 441 A
967 388 1079 451 propter
1093 382 1193 452 spinas,
1210 381 1238 436 id
1252 388 1294 436 est
1308 396 1356 452 pro
1367 379 1532 453 obligatione
1541 379 1704 448 divitiarum,
1720 381 1765 437 vel

116 491 214 549 genus,
230 489 280 544 per
301 472 411 539 lectum,
437 485 558 540 eorpus:
582 471 604 524 Α
628 478 725 539 quator
749 468 915 539 portabatur,
968 468 1148 525 sollicitudine
1163 471 1264 538 saeculi,
1281 477 1391 540 propter
1406 468 1543 541 frigorem,
1561 468 1589 522 id
1603 475 1643 523 est
1657 484 1707 539 pro
1722 484 1767 525 eu·

117 564 169 620 hoe
181 570 244 618 sunt
267 568 383 632 quatuor
393 559 528 615 elementa
543 574 593 628 per
608 573 689 629 quern
702 565 809 613 constat
823 559 914 624 homo,
967 557 1079 628 piditate
1093 557 1191 613 mentis
1206 568 1252 613 aut
1265 558 1432 625 infidelitate,
1449 565 1561 629 propter
1571 563 1721 627 serpentes,
1738 557 1767 612 id

116 659 161 708 aut
175 653 331 722 in'quatuor
345 648 454 704 ordines
478 646 621 718 Evangelii
652 655 720 700 :aut
746 645 774 699 in
804 653 917 716 quatuor
968 653 1008 702 est
1022 655 1133 718 propter
1147 646 1298 703 doctrinam
1311 647 1511 704 haereticorum.

115 742 227 797 mantes
242 738 349 804 animae,
366 736 393 791 id
408 745 449 790 est
464 734 591 790 fortitudo
607 752 614 788 :
636 735 750 803 justitia,
773 733 917 805 prudentia
1004 737 1063 791 lton
1079 737 1183 792 dnobus
1199 738 1314 800 tunicis,
1331 736 1358 790 id
1373 744 1414 791 εει
1429 751 1483 790 non
1499 734 1581 805 dupla
1601 740 1702 800 mente,
1714 749 1767 791 neo

116 837 143 886 et
156 827 334 898 temperentia
350 844 358 889 ;
374 824 501 879 fortitudo
514 832 555 878 est
577 839 703 896 pugnare
726 830 820 878 contra
842 823 915 890 vitia,
967 824 1104 879 dubietate
1119 826 1188 879 inter
1202 823 1284 879 fidem
1298 832 1324 878 et
1345 823 1542 889 infidelitatem,
1566 838 1622 878 non
1636 822 1721 894 dupla
1735 821 1767 877 li·

110 918 216 987 justitia
230 924 271 972 est
284 914 400 986 diligere
415 915 501 968 Deum
516 930 549 967 ex
563 913 714 968 totocorde
728 921 755 967 et
764 911 917 982 proximum
967 913 1046 968 ducia
1059 913 1087 967 iu
1101 929 1174 969 novo
1189 921 1235 968 aut
1249 913 1277 967 in
1291 912 1377 967 veteri
1389 929 1396 966 :
1406 913 1468 967 Non
1479 912 1549 966 sicut
1557 911 1704 966 simulares
1719 911 1766 983 qui

115 1008 186 1063 sicut
199 1005 330 1076 seipsum,
346 1001 486 1073 prudentia
502 1009 541 1056 cst
554 1001 698 1072 providere
720 1000 820 1066 futura,
846 1008 916 1055 tem·
966 1002 1000 1056 ab
1023 1002 1177 1056 hominibus
1199 1002 1305 1056 laudem
1331 1009 1463 1072 quaerunt,
1490 1016 1541 1071 per
1557 1015 1663 1056 coenam
1682 1015 1766 1070 quam

114 1094 241 1167 perantia
256 1102 297 1148 est
312 1092 386 1148 omni
401 1091 459 1156 irae,
471 1091 612 1161 imponere
623 1097 734 1155 motum,
748 1089 916 1144 nudaverunt
965 1106 1020 1146 non
1047 1090 1222 1162 subsequitur
1249 1089 1412 1160 prandium,
1430 1089 1628 1144 consummatio
1658 1086 1761 1154 saeculi,

114 1191 226 1247 tectum,
254 1181 281 1235 id
308 1190 349 1235 est
376 1178 516 1234 historiam
546 1178 615 1250 legis
628 1177 831 1250 patefacientes,
848 1178 915 1231 sub·
966 1179 1012 1250 qui
1040 1179 1163 1233 veniente
1191 1179 1297 1233 Christo
1312 1178 1576 1234 consummationem
1592 1192 1671 1232 suam
1685 1175 1761 1242 vidit,

112 1272 262 1326 misserunt
288 1268 441 1343 grabatum,
471 1267 589 1322 ostendit
617 1266 781 1322 denudatam
800 1266 915 1320 litteram
962 1268 1019 1337 jam
1032 1266 1159 1339 praeteriit
1174 1267 1250 1332 hora,
1265 1267 1292 1321 id
1308 1275 1349 1321 est
1362 1266 1448 1321 littera
1461 1266 1542 1339 legis,
1567 1266 1640 1321 unde
1654 1264 1699 1332 ait,
1716 1278 1766 1321 ve·

112 1359 194 1432 legis,
210 1357 382 1413 manifestum
411 1372 521 1412 sensum
543 1355 696 1428 Evangelii,
721 1354 853 1425 praecepit
876 1353 916 1409 eis
965 1364 1023 1412 tera
1035 1356 1199 1410 transierum
1214 1366 1240 1411 et
1255 1371 1319 1411 ecce
1334 1354 1406 1411 facta
1421 1364 1483 1410 sunt
1497 1370 1576 1411 nova.

112 1455 143 1547 uf
157 1449 186 1503 in
200 1447 325 1503 micum
340 1446 391 1501 εἰῶ
406 1444 586 1512 deservirem’
602 1444 630 1499 id
646 1452 688 1499 θεῖ
702 1443 826 1499 E⁰⁰¹e⁸i³
840 1458 915 1515 pm·
1003 1474 1089 1528 ltanea
1096 1473 1128 1527 ia
1134 1472 1224 1528 medio
1230 1474 1333 1527 meris:
1342 1470 1368 1524 id
1378 1477 1419 1526 est
1425 1469 1549 1526 Ecclesia
1557 1469 1584 1523 in
1593 1469 1766 1525 fluctuatione

114 1537 246 1593 ‘mrem'
963 1561 1057 1616 mundi
1074 1577 1080 1616 :
1097 1562 1176 1615 Jesus
1191 1561 1265 1616 solus
1281 1561 1307 1613 in
1317 1575 1402 1627 mare,
1414 1557 1549 1629 signifieat
1559 1558 1633 1613 solus
1644 1565 1724 1612 natus
1734 1557 1763 1612 in

151 1669 284 1727 Ascendit
298 1671 329 1723 t„
343 1671 478 1733 montem,
495 1665 627 1740 significat
643 1665 832 1723 ascensionem
856 1664 914 1733 ejus
963 1658 1033 1706 terra
1047 1651 1107 1706 sine
1122 1658 1192 1706 tactu
1210 1668 1216 1704 ε
1234 1650 1335 1704 Ventus
1349 1649 1509 1713 contrarius,
1526 1647 1646 1703 ostendit
1668 1662 1765 1718 perse·

115 1774 179 1816 cum
193 1774 278 1814 carno
293 1757 321 1811 in
332 1756 441 1823 mum,
458 1764 565 1824 tonans,
583 1755 705 1811 christus
724 1762 775 1820 esi,
800 1753 848 1808 filij
871 1761 916 1809 10.
930 1738 1104 1800 Bentionem
1119 1739 1219 1793 diaboli
1233 1746 1294 1809 post
1309 1737 1497 1793 ascensionem
1513 1737 1611 1792 Christi
1639 1735 1668 1790 in
1694 1737 1768 1806 Apo·

114 1848 208 1914 nin-ui,
227 1845 349 1917 Apostoli
364 1853 424 1900 sunt
442 1862 448 1900 ς
465 1845 559 1899 NlleS
574 1845 722 1916 prophgtae'
738 1842 831 1914 pluvia
843 1859 917 1913 ppae.
967 1828 1051 1884 810108
1068 1847 1074 1883 ἶ
1090 1827 1177 1883 Voluit
1191 1827 1331 1898 plaetel'll'e
1346 1843 1404 1890 805,
1420 1826 1537 1881 Ostendit
1551 1826 1587 1880 ild
1608 1824 1765 1896 probandos

114 1936 215 1993 dicatio
231 1943 281 2004 εει,
298 1936 410 1991 lucerna
425 1934 476 1988 sub
491 1933 591 2000 modio,
607 1933 634 1987 id
649 1940 690 1987 est
705 1932 751 2003 qui
776 1946 826 2002 pro
842 1931 918 2002 cupi·
966 1934 1015 1974 00⁸
1044 1936 1051 1972 ἰ
1081 1917 1248 1972 Gesststreth
1287 1923 1393 1986 portum
1431 1922 1524 1985 aptum
1558 1914 1763 1984 interpretatur,

114 2025 200 2082 ditate
215 2024 307 2080 sacnti
321 2023 410 2089 docet,
428 2022 478 2077 sub
494 2022 575 2086 lecto,
591 2021 619 2075 id
634 2030 675 2076 est
689 2020 856 2076 obscuritate
869 2020 918 2075 de·
967 2006 1033 2062 &bill
1059 2006 1087 2060 5¹¹
1113 2012 1204 2077 palies
1231 2005 1294 2076 Tyri
1309 2012 1335 2058 4³¹
1364 2004 1481 2068 SidOssiSs
1496 2003 1524 2057 id
1539 2011 1580 2058 0³¹
1595 2002 1631 2058 &d
1655 2009 1763 2074 Εθῦῑθῦ,

113 2114 295 2185 linquentium
311 2119 421 2166 nonest
444 2110 635 2166 absconditum
656 2109 729 2181 qnod
750 2123 805 2165 non
827 2107 917 2162 mani-

113 2201 239 2268 festetur,
272 2200 377 2257 occulta
405 2199 467 2272 lege
495 2198 664 2266 Judoeorum,
680 2197 727 2270 qui
746 2196 919 2252 manifestata

113 2298 159 2347 εει
172 2289 310 2364 gentibus,
325 2289 408 2343 horno
423 2288 468 2360 qui
492 2287 644 2352 seminavit,
675 2286 793 2342 ostendit
820 2286 917 2341 docto-

66 2377 72 2447 }
114 2395 187 2445 rem,
218 2379 291 2450 quod
319 2377 472 2444 seminavit,
501 2376 528 2430 id
558 2384 599 2432 est
614 2376 728 2431 verbum
742 2375 873 2443 divinum,
889 2374 917 2429 in

113 2475 200 2533 terra,
216 2466 244 2521 iu
254 2466 335 2522 corde
346 2465 494 2531 hominurn,
504 2464 693 2531 dormientem,
705 2464 732 2518 id
743 2472 782 2519 est
793 2463 918 2520 nescien-

115 2561 184 2623 temJ
195 2572 244 2626 per
252 2562 361 2609 noctem
371 2553 561 2608 adversitatem
572 2554 630 2609 sive
640 2553 821 2624 ignorantiam
829 2559 919 2607 osten·

114 2645 165 2714 dit,
177 2661 226 2715 per
235 2643 307 2698 diem
317 2659 382 2698 vero
392 2642 558 2713 prosperitas
569 2642 626 2697 sive
634 2642 816 2715 ignorantiam
827 2648 918 2695 osten-

115 2733 167 2800 dit,
182 2749 233 2804 per
246 2747 368 2803 germen,
398 2731 635 2802 compunctionem
660 2731 761 2795 cordis,
789 2746 840 2801 per
854 2729 917 2785 her·

967 2097 1108 2169 ingressus
1122 2095 1149 2148 in
1165 2095 1255 2160 domo,
1271 2094 1299 2148 id
1315 2081 1356 2148 es‘t
1370 2093 1398 2147 in
1413 2092 1556 2147 mundum.

1003 2204 1150 2258 Neminem
1163 2203 1253 2258 voluit
1265 2203 1346 2268 scire,
1359 2199 1477 2255 ostendit
1493 2198 1673 2255 humilitatem
1685 2216 1692 2253 :
1702 2199 1764 2254 Non

967 2291 1054 2364 potuit
1075 2291 1170 2359 latere,
1187 2291 1214 2345 id
1234 2297 1275 2345 est
1291 2289 1353 2361 quie
1369 2304 1453 2359 opera
1474 2290 1532 2358 ejus
1546 2287 1689 2343 manifesta
1704 2294 1767 2343 sunt

968 2397 1086 2451 semper,
1098 2396 1148 2450 per
1157 2379 1299 2434 mulierem
1312 2378 1473 2450 intelligitur
1482 2377 1622 2449 primitiva
1632 2375 1765 2442 Ecclesia,

967 2469 1092 2540 procedit
1107 2477 1169 2523 ante
1183 2467 1269 2539 pedes
1283 2468 1357 2532 lesu,
1375 2466 1498 2537 Apostoli
1513 2473 1575 2520 sunt
1592 2483 1598 2519 :
1616 2465 1675 2519 sine
1689 2464 1767 2535 prius

968 2565 1091 2613 saturare
1106 2555 1184 2625 filios,
1200 2556 1227 2610 id
1243 2563 1284 2610 est
1298 2555 1416 2619 Judaeos,
1431 2562 1459 2609 ut
1474 2553 1623 2624 percipiant
1637 2552 1767 2607 mandata

968 2646 1038 2719 legis
1061 2644 1204 2717 Evangelii
1222 2643 1296 2699 :etsi
1318 2643 1429 2714 indigne
1449 2641 1631 2712 judicaverint
1652 2655 1769 2713 reguum

968 2735 1027 2800 Dei,
1038 2742 1102 2790 tunc
1117 2733 1252 2804 accipiant
1267 2741 1363 2805 gentes
1376 2731 1443 2787 illud
1460 2747 1467 2786 ε
1484 2732 1586 2788 invenit
1600 2731 1719 2802 puellam
1730 2730 1769 2799 ja·

116 2820 183 2877 bam
198 2819 279 2876 fidem
294 2836 418 2891 operum,
434 2837 485 2890 per
499 2820 612 2890 spicam,
629 2818 824 2891 perfectionem
851 2834 918 2888 ope-
967 2832 1074 2880 eentem
1102 2838 1184 2894 super
1211 2822 1320 2888 lectum,
1336 2821 1364 2876 id
1386 2828 1427 2876 est
1446 2820 1549 2876 invenit
1575 2835 1637 2876 eam
1666 2819 1694 2874 in
1708 2819 1768 2891 pri·

117 2909 242 2976 rationis,
258 2909 369 2980 plenum
385 2907 502 2964 fructum
517 2909 544 2962 in
559 2909 641 2980 spica,
659 2908 777 2963 ostendit
791 2922 918 2964 consum-
968 2913 1039 2968 stine
1045 2953 1140 2966 ......
1167 2910 1290 2981 corporis
1311 2896 1357 2964 'sui
1372 2928 1379 2964 :
1395 2910 1507 2964 surdum
1536 2916 1563 2965 et
1581 2916 1695 2974 mutum,
1718 2924 1767 2964 os·

115 2998 265 3055 mationem
281 3013 402 3069 opernm,
418 3014 469 3068 per
482 2996 579 3052 falcem
594 2996 750 3068 amputati0,
776 2995 918 3067 presentis
969 3001 1054 3056 tendit
1067 3001 1214 3055 humanum
1228 3016 1325 3070 genus,
1342 2998 1441 3053 surdus
1456 3005 1513 3053 erat
1527 2997 1590 3070 quia
1604 3013 1659 3053 non
1674 2996 1768 3052 audie-

113 3089 179 3144 vitae
194 3096 221 3143 et
235 3087 433 3143 consummatio
455 3086 556 3155 saeculi,
586 3085 735 3140 dimittente
762 3085 843 3140 turba
871 3086 1013 3161 Ju·(2bat
1035 3089 1162 3145 mandata
1183 3089 1250 3155 Dei,
1267 3104 1319 3144 nee
1339 3088 1432 3143 dicere
1453 3086 1560 3142 valebat
1582 3094 1681 3154 mutus,
1705 3085 1769 3159 quia

113 3177 235 3233 daeorum
250 3176 335 3231 habiit
349 3175 378 3229 in
392 3190 499 3241 navem,
516 3175 543 3230 id
553 3183 594 3230 est
604 3175 632 3228 in
643 3174 795 3230 Ecclesiam
805 3190 838 3229 ex
848 3189 917 3246 gen-

114 3265 188 3321 tibus
205 3281 211 3319 :
228 3264 296 3320 hliae
310 3264 389 3319 navis
404 3271 481 3319 erant
496 3279 556 3319 cum
572 3263 628 3329 illo,
640 3263 667 3317 id
681 3272 722 3317 est
732 3262 853 3317 diversas
869 3265 920 3318 Ec·

114 3353 427 3412 clesiashaereticorum:
446 3369 496 3424 per
510 3351 659 3424 procellam
674 3351 746 3407 venti
763 3369 769 3404 :
799 3351 920 3408 ostendit

112 3443 316 3517 persecutiones
344 3450 440 3498 eontra
468 3441 574 3506 fideles,
605 3439 702 3496 llttctus
731 3440 863 3506 mittebat,
889 3447 919 3493 ut

113 3531 272 3603 impleretur
285 3530 373 3597 navis,
389 3529 507 3584 ostendit
521 3529 738 3600 persecutionem
752 3527 919 3584 antichristi.

114 3636 165 3677 seu
180 3619 370 3685 saevissimam,
387 3626 415 3672 ut
429 3634 514 3689 prope
528 3617 736 3689 abnegationem
760 3616 880 3672 veniant.

156 3762 239 3818 ltuttt
251 3760 353 3816 dilecto
368 3776 385 3814 e
398 3761 463 3824 Deo,
479 3765 655 3830 perseverant
676 3757 705 3811 in
732 3755 823 3825 frdem,
849 3757 917 3812 dor·

114 3849 183 3906 mire
198 3849 334 3904 Christum
348 3848 377 3902 in
390 3863 490 3919 puppe,
507 3846 625 3902 ostendit
639 3845 828 3918 probationem
856 3844 920 3901 lide·

116 3937 181 3994 lium
196 3938 224 3992 in
238 3936 466 4008 persecutionem,
483 3936 602 3991 excitant
615 3950 688 4000 eum,
699 3934 726 3988 id
737 3942 778 3989 est
792 3935 920 3992 invocant

116 4044 178 4083 enm
193 4027 220 4081 in
235 4026 464 4097 persecutionem,
481 4024 510 4078 in
524 4023 687 4092 adjutorium
703 4023 764 4089 sibi,
783 4021 853 4078 facta
879 4032 920 4079 εει

114 4115 293 4188 tranquillitas
308 4129 418 4186 magna,
434 4113 461 4167 id
476 4120 517 4168 est
532 4112 599 4184 post]
613 4112 832 4183 persecutionem
846 4111 918 4166 anti-

113 4204 209 4263 christi
224 4211 327 4274 etpost
342 4201 580 4267 resurrectionem,
597 4201 678 4256 homo
706 4202 811 4256 habens
839 4199 920 4272 spiri·

970 3179 1172 3236 confessionem
1186 3178 1273 3233 landis
1288 3176 1401 3233 reddere
1416 3191 1471 3233 non
1489 3175 1606 3244 valebat,
1624 3183 1650 3231 et
1664 3173 1769 3231 confes·

969 3269 1075 3324 sionem
1090 3267 1153 3322 fidei
1169 3283 1222 3323 non
1237 3266 1362 3334 habebat,
1381 3265 1487 3321 educite
1502 3281 1563 3320 eum
1575 3272 1650 3320 extra
1661 3264 1768 3318 turbam

970 3357 1089 3412 ostendit
1103 3363 1235 3411 remotam
1256 3355 1348 3423 vitam,
1372 3355 1435 3427 quia
1451 3354 1479 3408 in
1494 3353 1644 3410 remotione
1659 3369 1769 3425 semper

970 3445 1111 3516 cognoscit
1124 3445 1205 3499 horno
1221 3443 1369 3499 caecitatem
1383 3451 1556 3512 peccatorum
1576 3456 1696 3497 suorum.
1712 3441 1769 3496 Ali·

969 3540 1011 3588 ter
1021 3533 1127 3589 educite
1150 3548 1213 3586 eum
1235 3530 1367 3586 deturba
1389 3538 1563 3601 peccatorum
1577 3531 1612 3585 ad
1626 3530 1768 3602 pristinam

958 3607 1202 3678 'conversationem
1216 3620 1296 3675 bonae
1310 3627 1424 3673 naturae.

1007 3728 1082 3785 llist't
1116 3727 1217 3799 digitos
1231 3727 1262 3782 in
1277 3741 1360 3782 cares
1382 3724 1473 3781 cordis
1494 3724 1554 3793 ejus
1567 3728 1596 3780 et
1610 3726 1723 3796 apernit
1737 3740 1767 3782 ot

970 3822 1030 3891 ejas
1044 3817 1072 3871 in
1086 3815 1257 3873 confessione
1272 3813 1345 3880 fidei,
1358 3813 1511 3885 suspiciens
1518 3812 1546 3866 in
1556 3812 1636 3880 coelo,
1648 3813 1767 3868 ostendit

969 3914 998 3962 ut
1010 3922 1105 3963 omnes
1119 3905 1213 3960 laudes
1228 3905 1286 3959 Deo
1300 3902 1450 3958 referrent:
1461 3902 1603 3976 ingemuit,
1621 3899 1648 3956 id
1663 3909 1706 3956 est
1717 3916 1767 3973 pro

969 3995 1089 4068 peccatis
1104 3994 1216 4067 generis
1228 3993 1338 4048 humani
1362 4009 1423 4064 quae
1436 3992 1464 4047 in
1479 3991 1581 4047 mundo
1604 3990 1741 4046 eminebat
1758 4008 1765 4046 ε

969 4084 1065 4149 Aliter,
1081 4091 1109 4138 ut
1124 4082 1277 4153 exemplum
1290 4082 1367 4138 daret
1381 4081 1461 4138 nobis
1471 4090 1500 4136 ut
1513 4096 1575 4136 cum
1587 4078 1766 4152 supphcatio-

969 4173 1049 4229 nibus
1064 4188 1194 4246 rogemus
1207 4173 1294 4228 Deum
1310 4189 1318 4227 ι
1333 4187 1383 4242 per
1397 4187 1501 4227 caeeum
1515 4185 1603 4243 genus
1619 4170 1768 4224 humanum

970 4262 1098 4332 ostendit,
1120 4261 1166 4334 qui
1185 4261 1356 4317 adduxerunt
1376 4277 1438 4316 eum
1458 4260 1492 4314 ad
1515 4259 1617 4324 lesum,
1649 4255 1769 4313 ostendit

114 4300 172 4349 turn
186 4292 356 4346 humundum
371 4288 505 4364 significat
519 4291 666 4344 humanum
681 4305 780 4362 genus,
807 4297 920 4346 catenas

115 4381 301 4452 disrumpens,
331 4379 449 4436 ostendit
473 4386 570 4453 gentes
593 4378 805 4449 prevaricantes
828 4376 920 4451 legem
969 4352 1107 4409 d⁰⁰¹⁰s0⁸·

112 4479 218 4527 naturae
232 4487 308 4525 suae:
326 4469 383 4524 sive
398 4468 551 4525 doctrinam
565 4467 799 4540 philosophorum,
829 4467 871 4524 sic
892 4456 955 4523 etD
1001 4458 1164 4533 Apreltertse
1177 4473 1277 4523 manu,
1293 4456 1322 4512 id
1336 4464 1377 4512 est
1391 4455 1465 4510 dedit
1480 4452 1682 4525 operationem:
1694 4452 1767 4508 Edu·

112 4559 201 4615 tudaei
214 4559 415 4630 disrumpentes
435 4557 552 4613 litteram
566 4556 636 4630 legis
652 4556 709 4612 sive
724 4556 894 4628 prophetiam
909 4575 915 4612 :
967 4549 1004 4605 xit
1019 4565 1081 4604 euin
1096 4555 1172 4604 extra
1182 4546 1281 4614 vicum,
1291 4544 1409 4601 ostendit
1416 4543 1594 4600 remotionem
1602 4541 1771 4615 contempla-

113 4648 235 4706 concidit
249 4646 393 4719 lapidibus,
409 4646 528 4702 ostendit
553 4645 682 4745 populgrn
697 4645 819 4717 gentium
847 4645 916 4701 ado·
966 4638 1046 4694 honis
1067 4637 1129 4694 vitae
1157 4637 1214 4692 sive
1236 4644 1312 4691 extra
1337 4633 1479 4706 pristinam
1507 4633 1765 4689 conversationem:

113 4745 206 4793 rantes
220 4736 326 4809 lapides
343 4754 350 4791 :
366 4737 448 4792 horno
459 4736 568 4802 sedens,
581 4743 694 4792 vestitus
702 4734 736 4789 ad
748 4733 830 4789 fidem
839 4735 914 4801 Jesu,
966 4743 1087 4800 expuens
1116 4727 1144 4781 in
1176 4724 1280 4791 oculos,
1315 4741 1366 4797 per
1398 4731 1515 4795 sputum,
1549 4721 1766 4779 incarnationem

112 4824 234 4882 ostendit
247 4825 373 4881 vestitum
388 4823 441 4880 tide
456 4834 483 4880 ει
497 4825 616 4892 cantate,
635 4839 701 4878 sana
716 4832 818 4889 mente,
834 4823 861 4877 id
876 4832 918 4878 est
966 4816 1065 4873 Christi
1086 4815 1237 4871 ostenditur
1258 4830 1308 4886 per
1331 4828 1412 4885 quarn
1434 4811 1609 4868 inluminatus
1624 4817 1666 4866 est
1679 4825 1767 4884 genus

109 4929 183 4986 pura
205 4922 285 4985 atque
309 4913 415 4970 sincera
437 4921 539 4979 mente,
555 4914 724 4985 Erogaverat
740 4911 916 4967 substantiam
966 4906 1114 4961 humanum
1132 4902 1289 4975 :impositis
1314 4901 1450 4969 manibus,
1466 4901 1548 4957 idest
1572 4899 1647 4956 dedit
1661 4899 1766 4970 adjuto·

112 5013 194 5054 suam
209 4999 236 5053 in
250 4998 374 5064 medicis,
392 4998 420 5052 id
435 5005 477 5052 est
492 4997 556 5068 quia
572 5003 655 5051 totam
663 4995 745 5051 fidem
760 5004 787 5052 et
801 5011 917 5053 conver·
965 4995 1035 5050 rium
1051 4992 1227 5066 operationis.

111 5087 248 5143 ⁵⁸fi⁰¹¹⁰m
263 5096 290 5142 ⁰²
304 5102 381 5158 spem
396 5102 472 5142 suam
485 5087 514 5140 in
528 5085 698 5157 Phi¹⁰⁵⁰phi⁵
714 5093 853 5156 mem·
1005 5110 1084 5166 Vt'deo
1099 5110 1226 5166 homines
1241 5110 1318 5165 velut
1331 5107 1453 5176 arbores,
1470 5106 1515 5163 hio
1529 5106 1648 5164 ostendit
1672 5123 1767 5165 exem·

151 5203 229 5259 llicit
252 5202 353 5258 binos:
383 5201 502 5256 ostendit
515 5201 570 5256 duo
593 5207 762 5266 testamenta,
779 5209 807 5255 ut
822 5200 917 5256 eadem
965 5198 1039 5271 plum
1061 5197 1217 5253 humilitatis
1239 5207 1267 5252 ut
1288 5196 1377 5252 nullus
1402 5195 1544 5253 extollatur
1563 5197 1598 5252 de
1612 5196 1768 5265 virtutibus,

111 5290 214 5363 ubique
229 5290 386 5361 praedicent,
403 5289 528 5344 similiter
542 5298 567 5344 et
584 5289 645 5361 quia
665 5287 761 5345 caritas
777 5288 804 5343 in
826 5289 917 5344 minus
967 5287 1016 5344 sed
1037 5286 1171 5343 minorem
1193 5296 1219 5343 et
1239 5285 1395 5342 inferiorern
1418 5301 1448 5342 se
1472 5286 1607 5342 existimet
1631 5286 1766 5343 omnibus.

111 5380 168 5436 duo
182 5395 237 5434 non
251 5378 373 5434 consistit
390 5395 395 5433 :
413 5394 463 5448 per
478 5378 593 5451 virgam,
609 5378 834 5446 consolationem,
859 5376 917 5432 sive
966 5377 1066 5434 lterum
1080 5376 1207 5447 imposuit
1222 5392 1319 5431 manus
1335 5392 1417 5448 super
1432 5376 1525 5433 oculos
1535 5395 1542 5432 z
1554 5383 1581 5433 et
1591 5375 1677 5447 aperti
1692 5381 1764 5439 sunt,

112 5468 297 5539 disciphnem,
314 5467 467 5524 ostenditur
489 5475 517 5522 ut
531 5467 681 5522 Paulusait
710 5485 716 5522 :
747 5467 811 5538 quid
835 5466 917 5521 vultis
966 5466 1084 5521 ostendit
1105 5466 1168 5538 quia
1190 5465 1295 5536 aperuit
1316 5465 1400 5521 corda
1421 5465 1559 5522 hominum
1585 5471 1614 5518 ut
1641 5462 1765 5519 viderent

111 5558 194 5631 virga
208 5558 314 5613 veniam
330 5557 364 5612 ad
379 5573 439 5626 vos,
456 5572 491 5611 an
505 5556 534 5611 in
547 5556 643 5628 spiritu
659 5555 874 5611 mansuetudinis
889 5564 916 5611 et
966 5555 1107 5612 scientiam
1121 5555 1171 5611 Dei
1186 5536 1301 5612 clare'et
1316 5554 1375 5612 sine
1396 5554 1480 5612 dnbio
1499 5555 1642 5612 crederent
1657 5569 1665 5606 z
1682 5547 1764 5608 restt-
1801 5556 1807 5565 '

112 5644 312 5705 consolationis
329 5664 336 5702 ε
352 5646 458 5705 calciati
473 5645 633 5704 sandalibus
643 5661 693 5718 pro
707 5645 792 5702 tribus
815 5645 915 5716 causis,
966 5653 1075 5716 tuaest,
1090 5644 1119 5703 id
1133 5644 1217 5703 estin
1229 5644 1309 5704 bonis
1323 5644 1464 5718 operibus.
