3772 6112
64 215 131 265 1129
176 227 182 238 ’

58 333 145 388 inlicit
161 334 204 388 liic
218 336 308 389 oleum
324 338 434 407 proprio
449 339 483 392 de
499 339 608 392 nominc
635 337 746 401 dietum,

61 425 141 492 Quod
158 444 240 497 qnam
255 442 327 496 sape
344 427 389 480 liat
406 426 565 481 mortalibus
579 426 644 480 utile
672 425 756 488 euris,

59 520 116 573 Nec
128 516 286 572 meminisse
293 522 382 585 potest
391 516 542 582 homimrm,
550 516 697 570 mediocre
708 514 862 586 quisquam.

57 607 125 661 Huic
141 607 244 660 farnosa
260 619 324 657 suos
348 612 488 673 opponunt
513 603 567 657 lilia
597 604 692 665 flores,

56 696 177 767 Longius
192 695 290 747 borum
306 701 332 746 et
344 692 400 759 jam
415 692 524 761 spirans
539 693 608 745 odor
624 690 718 745 imbuit
734 707 826 745 auras.

59 784 113 837 Sed
129 783 151 836 si
166 782 227 854 <piris
243 780 315 835 nivei
329 781 470 835 candentia
485 780 722 851 germinafructus

59 872 185 938 Tricerit,
201 869 307 940 aspersi
322 869 463 922 mirabitur
486 868 569 923 illicet
593 884 701 923 omnem

59 961 185 1015 Nectaris
200 960 246 1013 ille
261 958 343 1012 fidem
358 958 441 1013 celeri
456 958 556 1028 periise
580 966 681 1011 meatu.

94 1051 150 1104 lloe
165 1048 229 1120 quia
244 1047 386 1117 virginitas
401 1046 472 1100 lania
494 1045 608 1099 subnixa
630 1046 710 1100 beata

59 1138 138 1192 Plore
152 1138 228 1202 nitet,
245 1151 327 1207 quam
344 1136 367 1190 si
381 1135 472 1189 nullus
489 1135 566 1189 labor
576 1134 720 1205 exagitarit

56 1227 160 1293 Sordis,
178 1233 203 1279 el
219 1224 303 1280 illiciti
319 1240 373 1279 non
389 1223 499 1296 fregerit
517 1223 601 1278 ardor
616 1223 731 1285 animis,

57 1315 169 1387 Flagrat
183 1314 267 1368 odore
282 1329 340 1367 suo.
359 1313 444 1367 Porro
460 1313 484 1365 si
497 1311 585 1384 gloria
607 1327 719 1381 pessum

56 1403 224 1475 integritatis
239 1410 291 1467 eat,
309 1401 406 1465 fateor,
423 1400 538 1455 mutabit
558 1400 681 1454 odorem.

56 1492 121 1546 liare
136 1492 190 1545 duo
206 1507 321 1561 namque
336 1489 515 1560 probabilium
530 1504 631 1559 genera
648 1487 747 1558 inclyta
763 1488 860 1542 florum

54 1578 187 1634 Ecclesiae
203 1596 324 1632 summas
340 1579 447 1648 signant
460 1594 510 1648 per
525 1576 623 1632 saecula
648 1576 754 1647 palmas

54 1668 194 1740 Sanguine
207 1667 329 1737 martyrii
344 1674 458 1736 carpunt
473 1682 534 1736 quae
548 1665 621 1720 dona
649 1680 786 1731 rosarum,

57 1757 178 1828 Liliaque
193 1757 219 1809 in
235 1754 297 1809 fidei
313 1762 420 1827 gestant
436 1755 553 1809 candore
579 1753 699 1808 nitentis.

58 1846 82 1900 Ο
99 1853 187 1899 mater
202 1844 280 1915 rirgo
295 1843 412 1898 fecundo
427 1842 551 1916 germine
566 1851 664 1909 maier,

55 1933 140 2005 Virga
156 1932 209 1986 lide
225 1931 334 1995 intaeta,
350 1931 444 2001 sponsi
460 1931 495 1985 dc
510 1931 620 1985 nomine
649 1946 761 2001 sponsa,

64 2023 183 2092 Sponsa,
201 2020 339 2088 columba,
356 2019 465 2085 domuS,
483 2019 588 2091 regina,
605 2018 694 2073 tidelis
713 2019 811 2084 amieo,

54 2110 129 2164 Bello
144 2125 225 2179 carpe
240 2123 328 2171 rosas,
345 2108 407 2163 loeta
421 2109 512 2179 arripe
527 2108 582 2162 lilia
605 2123 681 2178 paee,

56 2207 121 2261 Flos
136 2205 184 2260 tibi
200 2205 368 2276 sceptrigero
384 2204 458 2260 renit
472 2205 650 2276 generamine
664 2206 752 2271 iesse,

684 2491 1109 2626 ΔΡΡΕΝΒΙΧ

467 284 471 288 ¹
526 214 574 267 AD
601 212 718 268 OPERA
747 209 949 266 traianum!
977 209 1099 266 sTnnbi
1122 210 1311 265 APPENDlX.

880 339 906 399 A
918 334 1020 390 Unicus
1034 335 1152 407 antiquae
1167 343 1308 405 reparator
1322 333 1414 404 stirpis
1429 341 1456 387 et
1470 341 1575 389 auctor.

1652 182 1720 265 riso

916 423 985 478 lilia
999 425 1045 495 qui
1060 424 1151 478 uerbis
1167 424 1275 494 citaque
1291 422 1390 477 dicarit
1405 438 1522 489 amoena,

915 514 1001 567 llorte
1017 529 1091 566 rosas
1105 513 1223 582 lingens,
1248 527 1400 582 pacemque
1421 519 1447 564 et
1468 510 1560 581 prrclia
1586 512 1717 565 membris

916 600 1003 671 Liquit
1020 601 1128 655 iambe
1145 601 1211 666 snis,
1229 600 1353 654 virtutem
1368 598 1509 668 amplexus
1524 607 1677 670 utramque,

915 689 1083 760 Praemiaque
1108 690 1241 743 ambobus
1257 705 1368 743 seruans
1384 695 1486 742 aeterna
1506 687 1660 758 triumphis.

1182 788 1297 841 incurro
1316 785 1462 841 Oruseunr.

914 876 977 930 llaec
993 876 1040 930 tibi
1057 875 1160 930 servitii
1175 875 1334 929 nnnnrseula
1349 873 1411 929 rilia
1426 875 1501 944 parri

914 965 1010 1019 Strabo
1025 972 1095 1028 tuus,
1111 964 1250 1019 tirirnaldc
1265 972 1343 1034 pater
1354 963 1522 1027 doctissime.
1549 979 1644 1018 sem'ns

915 1055 1025 1108 Pectore
1040 1054 1148 1120 devoto,
1164 1052 1264 1106 nullius
1279 1051 1411 1122 ponderis
1428 1049 1516 1106 offer-t.

915 1144 947 1197 t'r
963 1158 1025 1197 eum
1039 1150 1170 1212 conseptu
1185 1140 1278 1196 viridis
1292 1139 1451 1195 consederis
1466 1140 1537 1195 lrorti

915 1233 1002 1300 Super
1017 1238 1144 1301 opacatas
1159 1229 1293 1284 frondenti
1309 1229 1433 1301 germine
1456 1229 1554 1293 malos,

913 1319 1038 1374 Persicus
1052 1319 1201 1388 imparibus
1216 1318 1306 1373 crines
1322 1318 1368 1371 ubi
1382 1317 1478 1372 dividit
1492 1317 1606 1385 umbris,

912 1409 981 1462 Dum
999 1407 1045 1459 tibi
1061 1423 1129 1461 carna
1143 1407 1236 1477 legunt
1252 1415 1344 1460 terrere
1359 1406 1487 1478 lanugine
1507 1422 1591 1476 poma

911 1495 1046 1550 Ludentcs
1061 1495 1149 1564 pueri,
1167 1494 1262 1549 seliola
1277 1494 1428 1548 laetabunda
1438 1503 1553 1559 luorum,

911 1587 998 1654 Atque
1012 1583 1081 1637 ralis
1097 1583 1215 1654 ingentia
1231 1582 1302 1636 nrula
1317 1582 1461 1653 capacibus
1475 1582 1571 1638 indunt
1588 1603 1595 1648 ;

875 1672 1029 1755 Btlrandia
1044 1680 1175 1726 conantes
1190 1671 1329 1726 includere
1345 1687 1461 1742 corpora
1475 1671 1573 1743 palmis
1590 1689 1596 1725 ε

911 1760 972 1828 Quo
984 1777 1114 1815 moneare
1130 1760 1231 1814 lrabcas
1247 1759 1334 1813 nostri
1349 1767 1428 1830 pater
1442 1760 1512 1814 alme
1539 1760 1642 1816 laboris

912 1851 982 1904 llum
997 1849 1097 1921 relegis
1112 1866 1173 1921 quse
1187 1849 1259 1903 dedo
1274 1848 1380 1914 volens,
1396 1848 1518 1920 interque
1532 1848 1679 1922 legendum

911 1940 946 1994 Ut
961 1938 1058 1992 vitiosa
1072 1954 1150 1992 seres
1165 1938 1296 2007 deposco,
1313 1936 1449 2007 placentia
1468 1935 1568 1992 firmes.

911 2028 949 2081 Te
965 2029 1038 2081 Deus
1053 2035 1151 2082 aeterna
1167 2024 1249 2081 faciat
1266 2025 1364 2080 virtute
1394 2025 1537 2089 uirentem,

912 2115 1150 2171 lmnrarceseibilis
1165 2114 1281 2184 palmam
1297 2113 1457 2184 contingere
1471 2113 1534 2169 ritae
1552 2133 1559 2177 ;

912 2203 969 2259 Hoc
984 2205 1073 2268 Pater,
1091 2204 1143 2259 boe
1158 2204 1255 2270 Natus,
1272 2203 1324 2258 boe
1350 2202 1468 2273 Spiritus
1490 2209 1590 2258 annuat
1612 2203 1709 2259 almus.

57 2784 65 2792 -
153 2720 645 2853 abarana
703 2717 1237 2846 unsaraim
1296 2646 1620 2850 senaar

448 2936 588 2996 SERMO
613 2934 656 2994 IN
688 2933 817 2993 FES'l'O
845 2932 1099 2992 SANOTORUM
1128 2931 1311 2992 OMNIUM.

58 3070 162 3150 (Vide
177 3073 263 3129 inter
277 3072 314 3130 S.
327 3071 511 3145 Augustini
516 3069 640 3147 Opera,
657 3067 863 3143 Patrotoyioe
876 3073 955 3125 tom.
972 3066 1133 3140 XXXIX,
1143 3074 1233 3142 part.
1246 3083 1280 3143 11,
1294 3068 1356 3125 col.
1367 3065 1459 3143 2135,
1477 3085 1571 3129 serm.
1585 3067 1699 3130 acca.

604 3292 777 3355 GARMEN
806 3294 858 3352 DE
885 3293 918 3353 S.
949 3291 1161 3354 MIGHAELE

647 3427 836 3501 Walaliido
852 3425 1124 3502 abjudicandum.

55 3577 98 3632 Ad
113 3585 139 3630 te
154 3577 292 3648 coniugio,
309 3575 433 3644 Michael,
446 3576 709 3646 tuanuminaposeo,

56 3647 195 3702 Eximium
211 3648 302 3701 lumen
318 3647 421 3711 mundi,
438 3647 483 3718 qni
499 3655 561 3701 vota
571 3655 731 3716 precantum

57 3718 190 3798 Suscipio,
208 3726 233 3772 et
249 3718 355 3788 placido
371 3718 498 3787 perducis
512 3719 546 3773 ad
562 3726 631 3771 astra
647 3718 747 3778 volatu,

58 3789 218 3843 Praesidium
233 3789 343 3844 coeleste
359 3787 449 3843 ferens
464 3788 623 3842 morlalibus
639 3787 730 3861 aegris.

58 3859 192 3928 Principio
207 3860 314 3913 reniam
330 3859 434 3913 tribuas
449 3867 560 3982 peccata
576 3859 715 3914 remittens

58 3929 224 3984 Actibusaut
239 3930 344 3994 verbis,
360 3938 405 3984 aut
421 3945 478 3984 suo
502 3930 583 3983 noxia
607 3946 707 3995 sensn3

56 4001 121 4054 blox
134 4002 254 4055 animum
270 4016 425 4072 corpusque
439 4009 484 4055 tuo
498 4001 681 4056 medicamine
696 4016 785 4065 cures,

60 4069 180 4126 Vulnera
196 4072 363 4143 restringens
377 4071 486 4142 penitus
508 4072 654 4143 variosque
678 4071 787 4127 dolores

57 4144 147 4211 atique
161 4143 188 4196 in
203 4159 270 4214 pace
281 4143 391 4197 domum
405 4141 507 4209 forcas,
519 4151 690 4214 mentemque
700 4160 844 4215 pcraerunr

60 4213 202 4279 Luctificus,
218 4214 315 4269 cedant
328 4213 435 4267 meliori
449 4212 535 4266 tristia
557 4212 623 4269 fotu.

59 4288 98 4342 Tu
113 4285 234 4356 generis
252 4293 279 4338 tu
295 4284 414 4354 conjugii
429 4283 524 4338 fidncia
548 4284 641 4339 nostri.

97 4466 459 4492 ···············
477 4455 857 4481 'eto-unuuunnoao

56 4522 196 4589 Torqueat
210 4516 273 4571 inde
289 4531 369 4570 ruens
384 4514 476 4569 nullus
491 4531 552 4569 mea
568 4522 680 4585 pectora
696 4531 787 4579 casus,

57 4596 174 4647 riverias
187 4587 307 4655 morbos,
324 4586 464 4656 proprium
491 4594 534 4640 aut
564 4601 693 4641 consume
719 4586 859 4658 periclum.

58 4659 222 4732 impendens
236 4673 333 4714 arcere
348 4657 426 4717 ralis,
443 4656 570 4729 viresque
579 4666 720 4727 potentum

872 3555 1152 3635 Gllisjicias,'raltido
1167 3554 1213 3625 qui
1228 3572 1272 3610 me
1287 3555 1373 3611 livore
1389 3554 1511 3626 fatigant.

906 3628 966 3682 Non
980 3625 1089 3680 liumdis
1103 3641 1228 3698 pergam,
1244 3642 1296 3682 nee
1311 3642 1375 3681 vero
1389 3625 1522 3698 inglorius
1555 3641 1652 3687 avum,

907 3698 961 3752 Sed
977 3697 1088 3767 liqueat,
1106 3705 1236 3767 quantum
1251 3713 1301 3768 pro
1316 3713 1359 3752 me
1375 3705 1421 3751 tua
1440 3696 1551 3752 dextera
1573 3695 1670 3768 possit.

906 3767 975 3836 Qua
989 3769 1128 3838 (quondam
1143 3768 1298 3840 victumque
1313 3768 1397 3832 dedit,
1422 3767 1575 3839 bonamque
1598 3772 1707 3838 togato,

908 3840 967 3908 lpse
981 3839 1149 3909 gubemator
1163 3855 1262 3904 rerum,
1279 3838 1345 3893 milri
1359 3838 1489 3909 procidus
1516 3837 1601 3901 adsis,

909 3909 1132 3982 impavidumque
1149 3918 1237 3983 tegas,
1254 3909 1448 3981 fortunatisque
1463 3909 1610 3965 fovendum

908 3979 1036 4046 consilis,
1053 3981 1153 4048 majore
1170 3981 1256 4051 gradu
1271 3979 1410 4052 contingat
1431 3981 1564 4036 honorum

909 4050 1041 4106 illustrem
1054 4051 1165 4120 justise
1186 4052 1225 4106 eri
1240 4067 1376 4122 sensuque
1393 4051 1509 4106 beatum.

907 4120 1017 4177 Efficias
1032 4139 1066 4177 nc
1082 4123 1149 4176 dura
1164 4068 1259 4189 iimes,
1278 4131 1324 4176 aut
1339 4122 1425 4192 turpis
1440 4131 1548 4194 egestas

908 4193 1033 4248 Dedecus
1047 4193 1208 4265 immergat3
1224 4193 1293 4247 natis
1309 4208 1377 4264 quos
1391 4192 1450 4264 ipse
1478 4192 1578 4248 dedisti

906 4264 1070 4334 Perpetuam
1084 4265 1170 4319 dones
1186 4264 1285 4332 eibum,
1302 4262 1461 4335 firmamque
1476 4262 1598 4320 salutem.

907 4335 963 4390 Sim
979 4342 1082 4416 gratus,
1098 4351 1230 4407 carusque
1245 4350 1307 4391 meo
1318 4350 1480 4407 semperque
1494 4335 1654 4406 probandus

847 4397 853 4410 '
911 4407 1051 4475 lilartrano,
1071 4423 1152 4477 quem
1166 4414 1194 4460 tu
1209 4406 1374 4462 ineolumem
1389 4420 1495 4470 summo
1510 4405 1672 4462 renitentem

911 4476 1039 4549 Postigia,
1053 4477 1189 4558 gravidus
1201 4485 1286 4532 tutum
1301 4475 1417 4532 defende
1446 4476 1563 4558 periclis,

911 4547 990 4604 Nunc
1004 4563 1058 4618 ego
1072 4563 1144 4605 nunc
1158 4554 1262 4604 tristem
1277 4563 1388 4604 cernam
1406 4548 1560 4619 relinquere
1575 4556 1587 4583 ⁸
1614 4563 1705 4622 cogar.

500 4879 761 4940 EPI'PAPHIUM
789 4878 991 4942 (lEROLDIS
1019 4882 1187 4944 contris
1205 4916 1229 4954 b.

93 5013 163 5066 llole
178 5013 227 5067 sub
243 5014 292 5067 bae
306 5012 399 5083 magni
416 5021 559 5068 servantur
587 5013 710 5067 membra
731 4993 893 5083 Geioldi,D
909 5015 1018 5087 Oppctil
1032 5032 1105 5071 saevo
1121 5015 1327 5097 Septembribus
1342 5031 1408 5087 cnse
1431 5013 1570 5096 Kalendis,

55 5083 143 5151 liujus
153 5082 213 5152 iura
226 5083 279 5138 loci
294 5083 400 5138 eunctis
414 5083 461 5154 qui
475 5083 576 5138 viribus
591 5084 682 5150 auxit,

54 5153 204 5209 Pannoniis
215 5170 282 5210 vcra
295 5154 428 5210 Ecclesiae
437 5171 486 5226 pro
502 5170 568 5225 paee
584 5164 750 5226 peremptus,

81 5340 90 5361 ⁴
112 5332 187 5378 Ferte
205 5332 351 5392 relinquere
369 5332 523 5390 disjunctim.

82 5404 94 5434 a
127 5406 211 5451 cresus
235 5407 274 5453 cat
312 5407 340 5452 in
361 5405 497 5453 certamine
520 5408 607 5452 eontra
645 5409 755 5453 fluitans.
794 5415 860 5451 annu

234 5568 352 5622 Parnon.
371 5567 465 5621 cxlv.

910 5087 1105 5158 Sideribusque
1125 5100 1245 5141 ammam
1260 5085 1346 5141 dedit.
1363 5089 1447 5141 Anus
1462 5085 1534 5140 Saxo
1550 5083 1639 5139 fidelis

908 5158 1033 5225 Abstulit,
1048 5159 1101 5213 lrue
1117 5157 1205 5212 rendit
1215 5157 1354 5230 dignoque
1369 5156 1413 5212 liic
1429 5154 1527 5212 clausit
1542 5156 1656 5210 bonore.

909 5338 956 5389 aaa,
984 5332 1045 5379 vide
1077 5332 1169 5379 librurn
1211 5333 1241 5379 dc
1283 5331 1429 5380 visionibus
1472 5331 1581 5386 wettini,
1624 5336 1709 5384 supra,

910 5405 1029 5451 colunes
1481 5404 1486 5413 “

1445 5569 1477 5619 36
