3772 6112
117 222 155 297 st
382 240 585 299 wmlrnmr
604 238 726 299 srmnr
745 240 844 299 rann.
865 238 952 297 nou.
974 239 1051 297 orn.
1071 240 1200 299 11111.
1221 271 1256 284 -
1274 240 1509 301 rnnonocrci.
1732 245 1766 299 aa

116 362 208 435 phetis
222 365 281 422 haec
295 363 448 422 dicentibus
464 383 471 420 :
487 367 559 422 unde
574 367 646 423 scire
668 374 784 438 possunt
798 365 913 423 consilia
925 365 954 427 Α
964 380 1036 421 anno
1051 366 1129 439 regni
1143 366 1234 434 losiae,
1251 375 1314 435 eta,
1330 385 1417 442 usque
1426 369 1462 426 ad
1472 366 1644 424 nisiassidue
1654 366 1765 425 Domini

116 451 237 520 Domini,
255 453 316 526 quis
332 454 399 509 uidit
413 463 440 510 et
455 454 625 511 annuntiavit
639 454 705 511 eis‘l

134 565 137 569 ·
151 541 235 597 Vnus.
253 545 297 597 19.
314 573 349 583 -
362 545 432 600 Ecce
448 545 537 600 turba.
555 543 640 613 Quasi
654 543 727 600 dicat
740 559 791 614 par
803 551 911 599 contra·

115 628 186 684 rium
195 637 271 701 patet
280 632 429 702 prophetas
439 631 557 699 nescire,
568 632 642 704 quod
653 632 746 688 dicunt
758 649 764 686 :
777 647 828 703 pro
842 646 911 703 pace

114 717 187 773 enim
202 727 229 773 et
243 719 389 781 securitate
399 736 481 792 quam
493 720 662 792 promittunt,
679 720 754 776 venit
763 728 911 792 tempestas

114 806 275 878 Babylonia.

965 455 1149 511 admonitione
1177 463 1332 513 revocetur.

1000 561 1086 617 Vnus.
1104 565 1130 618 1.
1146 593 1181 604 -
1195 564 1232 618 nt
1245 565 1326 620 misit
1335 564 1471 621 Dominus
1482 564 1685 620 1111111111
1700 579 1763 620 ser-

964 666 1020 708 uos.
1037 651 1100 706 Non
1113 667 1164 722 per
1178 666 1261 706 unum
1276 652 1448 723 prophetam,
1465 652 1514 707 sed
1523 668 1574 723 per
1588 668 1693 720 omncs,
1711 667 1764 723 po-

964 739 1059 811 pulum
1075 756 1154 794 suum
1170 740 1319 807 admonuit,
1336 748 1362 795 et
1377 739 1455 812 quasi
1469 740 1498 795 in
1516 740 1618 812 vigiliis
1634 748 1763 798 111111-

967 827 1020 883 biis
1035 828 1206 895 constitutus,
1224 829 1341 884 surrexit
1367 828 1496 895 diluculo,
1512 836 1541 883 ut
1564 837 1762 895 commaneret,

151 906 236 964 Vnus
253 912 298 967 25.
316 940 350 951 -
365 911 465 967 Audiui
481 927 542 984 qaoe
555 911 705 968 dicerunt.
722 910 828 982 (illan.)
844 911 912 966 Sunt
961 924 988 972 et
996 932 1052 972 non
1066 917 1211 973 audierunt
1221 937 1228 984 ;
1240 926 1268 972 11
1278 924 1379 990 quanto
1389 917 1513 973 crebrior
1521 916 1765 986 admoniti0,tant0

115 996 201 1052 multa
215 1014 320 1071 genera
343 1000 534 1070 prophetandi,
551 1008 616 1066 ctu,
628 1000 761 1073 usquead
775 1006 803 1055 et
827 1000 912 1056 corda

115 1084 294 1142 indomabilia
308 1095 488 1158 tyrannorum
502 1088 615 1160 propria
625 1088 794 1145 conscientia
803 1087 912 1143 Domini

114 1173 286 1244 majestatem
302 1176 443 1233 sentirent.

149 1261 236 1318 Vnns.
252 1267 297 1322 27.
314 1294 348 1306 -
362 1265 478 1322 Somnia
485 1267 587 1322 ‘aarum
596 1265 738 1340 quoeSunt
747 1265 830 1322 hodic
840 1281 913 1322 som-

964 1014 1136 1077 contemptus
1150 1006 1247 1075 maior.

1000 1095 1092 1168 Neque
1106 1097 1281 1152 inclinastis.
1298 1094 1365 1167 (ln.)
1387 1095 1474 1151 Tanta
1497 1094 1547 1149 luit
1569 1095 1680 1162 duritia,
1697 1104 1764 1165 eta,

965 1199 1053 1256 usque
1068 1184 1104 1240 ad
1119 1200 1178 1256 quae
1192 1198 1247 1239 non
1261 1182 1424 1255 supplicium
1439 1199 1490 1254 pro
1511 1183 1617 1240 scelere
1642 1184 1764 1257 irrogat.

1002 1271 1088 1328 Vans.
1114 1274 1140 1327 6.
1165 1302 1200 1312 -
1224 1275 1291 1329 Post
1314 1273 1386 1338 deas,
1408 1279 1461 1328 etc.
1487 1271 1571 1339 Quasi
1586 1272 1659 1328 dicat
1675 1291 1682 1326 :
1699 1274 1766 1353 llaec

113 1350 235 1407 niatorcs
249 1352 277 1406 in
291 1353 427 1421 Ecclesia,
451 1355 497 1426 qui
513 1370 621 1409 errores
643 1371 708 1410 suos
723 1354 830 1410 Domini
845 1370 912 1426 pro·
963 1375 1026 1417 cum
1042 1359 1230 1433 superioribus
1244 1360 1401 1426 monebam,
1418 1376 1452 1415 ne
1467 1360 1521 1416 diis
1535 1360 1632 1416 alicnis
1648 1361 1764 1417 seruire·

113 1439 221 1511 phetias
236 1438 354 1509 faciunt,
371 1443 468 1499 crebro
492 1443 624 1509 dicentes,
640 1446 779 1500 somniavi
794 1464 803 1499 :
818 1452 914 1500 contra
962 1449 1007 1516 tis,
1024 1464 1076 1505 nec
1091 1466 1135 1504 me
1150 1449 1186 1504 ad
1200 1448 1370 1506 iracundiam
1384 1449 1573 1520 provocaretis
1588 1449 1762 1506 etnolentem

114 1544 183 1601 quos
198 1527 314 1597 dicetur,
332 1549 472 1605 usquequa
487 1533 574 1598 istud,
591 1540 644 1589 etc.

148 1616 234 1673 Vnus.
250 1622 295 1676 28.
312 1650 347 1660 -
363 1621 434 1689 Quid
447 1622 538 1693 pateis
552 1625 563 1676 1
579 1620 696 1676 Pulchre
716 1621 841 1677 doctrina
852 1621 911 1677 hae-

964 1539 999 1593 ad
1016 1554 1125 1610 paenam
1141 1546 1262 1593 vestram
1278 1538 1423 1610 cogeretis.

1002 1627 1086 1683 Vnus.
1099 1631 1125 1683 9.
1137 1658 1172 1669 ·-
1180 1629 1216 1683 lit
1226 1643 1379 1693 assumam,
1392 1626 1641 1684 Nabuchodonosor
1650 1642 1765 1683 seruum

113 1705 263 1763 reticorum
286 1708 374 1779 paleis
395 1717 579 1781 comparatur,
603 1726 663 1782 quae
686 1709 836 1766 medullam
859 1725 950 1790 nonB
965 1731 1071 1773 meurn.
1087 1717 1149 1771 Non
1164 1715 1233 1772 sicut
1253 1716 1393 1787 prophetae
1419 1713 1505 1770 etalii
1530 1713 1627 1781 sancti,
1645 1715 1691 1788 qni
1705 1716 1765 1771 Deo

114 1795 229 1872 babent,
245 1811 297 1853 nec
311 1797 489 1854 relectionem
502 1798 635 1870 praebent.

149 1904 236 1961 Vnns.
252 1907 297 1962 29.
313 1932 348 1942 -
364 1901 496 1974 Nunqaid
510 1918 568 1957 aaa
589 1901 672 1956 uerba
690 1905 777 1957 mea?
793 1899 872 1969 Quod
885 1900 915 1957 in

113 1992 200 2064 priori
214 1991 316 2065 populo
330 1992 470 2062 prophetae
480 1989 691 2056 mentiebantur,
703 1997 767 2060 etc,
781 2007 868 2063 usque
878 1991 914 2048 ad

113 2081 233 2137 minatur
248 2095 316 2154 ergo
331 2079 464 2135 Dominus
479 2086 575 2135 contra
589 2077 746 2147 hujusmodi
765 2078 913 2151 magistros

114 2185 145 2226 aa
159 2186 221 2226 esse
240 2177 397 2226 venturum.

64 2270 67 2275 ’
156 2259 242 2327 Quasi
255 2260 340 2331 ipma
357 2258 398 2312 Dc
421 2254 616 2312 ecclesiasticis
631 2253 698 2310 viris
715 2254 911 2327 scriptumest,

113 2348 187 2420 quod
211 2347 329 2403 malleus
345 2354 371 2401 et
388 2345 494 2402 securis
509 2360 565 2400 non
589 2351 652 2399 sunt
666 2343 759 2400 audita
781 2344 809 2398 in
832 2344 914 2400 domo

114 2435 233 2493 Domini.

149 2526 236 2582 Vana.
254 2528 299 2580 3⁰.
316 2555 352 2565 -
367 2524 419 2591 Qui
430 2527 579 2596 [urantur.
591 2522 706 2592 Semper
718 2521 790 2577 anim
801 2523 914 2578 menda·

114 2613 187 2672 cium
201 2614 324 2670 imitatur
340 2613 493 2678 veritatem,
510 2612 589 2667 aliter
604 2610 676 2666 enim
690 2624 745 2665 non
760 2618 850 2681 potest
864 2612 912 2667 de-

113 2703 216 2775 cipere.

149 2792 235 2848 Vnas.
252 2795 297 2846 39.
312 2821 347 2831 -
367 2792 402 2845 ut
426 2789 631 2862 derelinquam.
656 2786 714 2842 Hoc
737 2785 912 2859 intempore,

110 2879 283 2951 Babylonica
298 2877 463 2951 captivitatis
478 2877 580 2934 lactum
603 2892 664 2932 esse
691 2874 828 2944 novimus,
845 2885 911 2945 etc„

113 2984 201 3042 usque
216 2968 253 3024 ud
268 2968 341 3041 quod
364 2966 477 3039 propria
499 2967 660 3039 mysterium
673 2967 813 3025 Trinitatis
826 2966 915 3039 signi-

115 3055 189 3114 licat.

398 3144 512 3201 CAPUT
526 3144 628 3202 XXIV.

148 3269 234 3326 Vnus.
253 3272 278 3324 1.
294 3299 330 3309 -
346 3269 486 3325 Ostendit.
504 3270 611 3340 (Hiar.)
626 3270 784 3326 Notandum
794 3268 913 3325 hanovi-

112 3354 218 3423 sionem
234 3357 334 3414 laetam
350 3373 412 3413 csse
432 3365 555 3429 tempure
571 3358 692 3415 Sedeciae
706 3367 850 3431 postquam
865 3357 913 3412 Je-

112 3447 227 3504 chonias
249 3447 348 3503 ductus
378 3453 420 3500 est
444 3444 473 3499 in
501 3447 791 3519 transmigrationem,
808 3461 862 3502 non
885 3445 915 3500 in

112 3534 307 3606 captivitatem,
325 3533 389 3607 quia
403 3533 475 3589 ultro
497 3550 527 3589 se
542 3535 663 3591 tradidit.

147 3626 207 3681 Dua
221 3625 339 3681 calathi.
357 3623 432 3679 Duos
447 3623 570 3679 calathos
581 3625 625 3681 vol
636 3624 768 3696 cophinos
778 3623 913 3679 malarum

113 3719 140 3769 et
157 3711 293 3769 bonarum
308 3709 432 3778 ficorum,
450 3720 515 3779 etc,
531 3714 664 3786 usquead
678 3714 713 3768 ad
738 3713 825 3769 bonas
845 3709 914 3768 ficus

113 3809 140 3859 et
155 3802 294 3859 calathum
308 3801 442 3874 opthnum
464 3800 629 3858 referantur.

147 3893 238 3948 Pasiti
252 3894 320 3948 ante
331 3893 480 3964 temptam.
492 3922 527 3932 -
540 3891 603 3946 Non
618 3889 694 3959 loris,
707 3899 771 3957 ctu,
782 3906 869 3963 usque
878 3889 915 3944 ad

112 4005 139 4053 et
152 3996 221 4054 ficus
235 3997 324 4053 malas
339 3996 423 4051 malas
439 3995 529 4051 valde.

151 4086 238 4141 Vnus.
255 4089 282 4144 2.
299 4115 334 4126 -
353 4086 388 4140 Et
412 4085 547 4141 calathus
566 4101 652 4140 unas.
678 4084 743 4156 (11.)
765 4084 823 4138 Nos
846 4082 914 4138 sim-

110 4171 196 4246 phces
216 4181 368 4246 quarentes
384 4172 523 4238 historias,
540 4179 605 4239 etc,
622 4189 709 4245 usque
725 4171 914 4228 1111111111-

114 4260 244 4334 bylonem
259 4261 358 4318 ductus
374 4269 401 4316 et
416 4260 453 4315 ibi
470 4268 604 4316 mortuus.

148 4369 235 4424 Vnas.
252 4370 280 4423 1.
296 4369 380 4423 -Et
395 4370 573 4439 factumest.
592 4365 658 4437 (ln.)
669 4365 773 4422 Delirat
787 4368 839 4424 hoc
853 4366 915 4423 loco

966 1804 1106 1871 serviunt;
1123 1804 1171 1859 scd
1187 1794 1251 1877 quia
1264 1803 1292 1857 in
1311 1802 1454 1859 eversione
1476 1803 1631 1859 Jerusalem
1654 1802 1765 1860 Domini

964 1893 1065 1948 serviat
1086 1892 1227 1948 voluntati.

998 1996 1034 2050 111
1048 1994 1187 2050 adducam
1202 2010 1257 2060 eoa,
1274 2001 1325 2050 etc.
1343 1993 1407 2050 Hac
1421 1993 1605 2066 suntpraemia
1622 2002 1764 2066 contemp·

964 2091 1053 2139 torum
1069 2091 1094 2138 et
1110 2084 1196 2139 Dcum
1221 2083 1317 2138 audire
1340 2082 1500 2137 nolentium.
1535 2081 1673 2154 Quidquid
1695 2097 1764 2156 ergo

964 2171 1029 2227 mali
1045 2188 1129 2242 super
1142 2186 1192 2228 nos
1208 2171 1361 2237 adducitur,
1373 2178 1467 2226 nostra
1475 2178 1590 2242 peccata
1601 2179 1763 2238 merentur3

965 2268 991 2315 et
1007 2260 1076 2316 sicut
1091 2269 1188 2332 gentes
1203 2268 1299 2316 contra
1318 2260 1472 2315 Jerusalem
1497 2259 1621 2315 adductae
1636 2267 1708 2326 sunt,
1724 2259 1766 2315 sic

964 2349 1045 2405 hodie
1062 2357 1158 2405 contra
1174 2349 1369 2422 negligentem.
1385 2347 1538 2404 Ecclesiam
1558 2347 1690 2404 serviunt.

999 2438 1084 2493 Vnas.
1110 2442 1152 2493 ltt.
1179 2438 1361 2510 Perdamquc,
1389 2444 1440 2493 ctc.
1458 2438 1515 2492 lloc
1530 2436 1559 2490 in
1580 2436 1765 2493 conciliabulo

964 2525 1173 2599 malignantium
1193 2527 1398 2597 comprobatur,
1415 2532 1445 2579 11
1458 2523 1583 2596 magistri
1598 2540 1693 2580 eorum
1708 2541 1764 2580 non

964 2616 1080 2671 doceant
1094 2614 1209 2671 verbum
1226 2614 1285 2681 Dei,
1303 2615 1351 2669 sed
1368 2613 1477 2669 sibilent
1492 2614 1528 2669 ad
1538 2613 1625 2668 instar
1635 2613 1763 2670 colubri:

964 2702 1106 2775 inquibus
1121 2719 1174 2758 vox
1190 2703 1283 2775 gaudii
1298 2711 1325 2758 et
1340 2702 1438 2759 laetitiae
1451 2702 1570 2774 periitut
1585 2717 1640 2758 non
1650 2701 1763 2757 audiant

964 2791 1032 2847 illud
1046 2791 1171 2863 Apostoli
1186 2809 1193 2846 ε
1211 2791 1333 2848 Gaudete
1347 2793 1379 2847 in
1394 2792 1512 2847 Domina
1524 2806 1643 2863 semper,
1656 2793 1763 2847 iterum

965 2880 1035 2946 dica,
1050 2880 1169 2952 gaudete
1184 2880 1270 2952 (Phil.
1287 2880 1338 2951 rv).

1001 2987 1086 3042 Vnus.
1115 2990 1158 3041 11.
1183 2989 1219 3043 lit
1247 2988 1380 3043 servient.
1406 2986 1482 3042 Sicut
1503 2986 1667 3053 ierusalem,
1694 2992 1760 3053 eta,

925 3085 950 3148 (J
965 3092 1052 3149 usque
1067 3076 1103 3131 ad
1117 3074 1278 3147 prophetico
1292 3090 1419 3131 sermone
1433 3074 1573 3131 describit.

1002 3165 1088 3220 Vnus.
1106 3167 1149 3222 111.
1167 3195 1201 3205 -
1217 3165 1285 3221 Cum
1300 3165 1421 3237 impteti.
1437 3164 1509 3219 Nata
1522 3164 1594 3236 quod
1608 3163 1764 3218 nonsolum

963 3260 1059 3310 contra
1082 3252 1249 3324 Babylonem
1271 3253 1417 3324 prophetat
1439 3251 1583 3317 Ieremias,
1600 3251 1648 3306 sed
1665 3260 1764 3307 contra

964 3356 1059 3398 omncs
1083 3349 1180 3414 gentes
1203 3357 1263 3413 quaa
1287 3341 1315 3394 in
1329 3339 1449 3397 exercitu
1471 3339 1619 3411 Babylonis
1652 3337 1764 3396 suerunt

965 3438 992 3487 11
1007 3435 1104 3487 contra
1118 3429 1248 3502 populum
1262 3429 1312 3485 Dei
1327 3429 1536 3485 dimicaverunt.

1000 3534 1086 3589 Vnus.
1114 3535 1157 3587 15.
1181 3563 1216 3572 -
1240 3531 1324 3588 Same
1338 3532 1457 3588 calicem
1480 3532 1541 3588 uini
1561 3532 1680 3602 suroris,
1707 3538 1762 3587 etc.

963 3621 1028 3693 (ln).
1045 3620 1201 3692 Propinatio
1216 3619 1444 3677 calicisdominici
1458 3618 1558 3675 suroris
1567 3618 1698 3675 indicium
1709 3627 1762 3686 cst,

964 3717 1028 3777 eta,
1045 3727 1132 3784 usque
1147 3710 1183 3766 ad
1197 3709 1267 3765 calix
1282 3708 1452 3781 propinatur,
1469 3707 1517 3763 scd
1531 3723 1583 3779 pro
1597 3722 1688 3778 poena.

1000 3817 1085 3872 Varis
1105 3819 1147 3871 l8.
1164 3847 1199 3856 -
1213 3817 1370 3872 Jerusalem
1385 3819 1413 3870 et
1427 3815 1588 3870 ciuitatibus
1598 3813 1678 3879 luda,
1704 3820 1758 3870 etc.

965 3905 1061 3975 Quasit
1076 3905 1148 3961 dicat
1165 3904 1319 3959 :Putabam
1334 3903 1406 3975 quod
1426 3903 1491 3959 solis
1514 3902 1642 3974 gentibus
1664 3902 1762 3974 propi-

966 4008 1071 4057 narem,
1089 4000 1116 4047 ct
1127 3992 1190 4048 ideo
1205 3991 1267 4048 huic
1281 3991 1432 4047 ministerio
1450 4007 1495 4046 me
1509 3991 1586 4047 laetns
1594 3990 1760 4056 obtuleram,

965 4081 1014 4137 sed
1030 4081 1099 4136 inter
1114 4089 1229 4137 crateras
1249 4088 1346 4155 gentes
1368 4080 1423 4135 imo
1447 4088 1510 4135 ante
1524 4087 1648 4146 caeteras,
1664 4078 1762 4151 propi-

964 4170 1030 4226 nari
1044 4170 1198 4225 Jerusalem
1214 4177 1241 4225 et
1255 4168 1409 4225 civitatibus
1422 4169 1567 4236 11111111.

1001 4277 1088 4332 Vana.
1106 4279 1149 4331 ta.
1166 4277 1310 4332 Pharaoni
1323 4276 1382 4347 regi
1396 4276 1515 4347 AEqypti,
1532 4282 1584 4330 ctc.
1600 4273 1762 4328 11111111-

966 4365 1052 4422 salem
1069 4365 1137 4419 bibit
1151 4364 1257 4420 Pharao
1268 4380 1316 4419 rex
1325 4363 1443 4436 AEgypti,
1455 4371 1482 4418 et
1491 4361 1639 4431 serviejus,
1650 4370 1677 4417 et
1686 4362 1762 4433 prin-

113 4456 279 4530 allagoricus
293 4456 439 4528 interpres,
456 4463 526 4522 etc,
552 4472 638 4529 usque
661 4456 698 4511 ad
712 4455 741 4509 in
763 4464 838 4512 terra
861 4456 913 4512 hac
928 4448 1058 4526 Dcipes‚
1076 4451 1401 4524 etuniversnspopulus,
1417 4452 1504 4524 etqui
1526 4467 1581 4507 non
1595 4449 1705 4522 quidem
1719 4457 1762 4505 est

113 4553 141 4602 et
156 4545 185 4600 in
199 4545 271 4601 ualle
287 4544 472 4616 lacrymarum
496 4561 558 4600 esse
577 4543 734 4600 morituros.

151 4635 237 4691 Vnus.
254 4635 280 4688 6.
298 4635 383 4689 -lit
396 4651 501 4707 ponam
512 4636 607 4691 acutas
617 4650 703 4691 meas.
715 4634 745 4688 ln
757 4632 913 4704 captivitate

112 4721 205 4795 posuit
218 4721 315 4779 oculos
325 4737 480 4794 suossupcr
493 4722 566 4789 illos,
576 4731 642 4789 etc,
659 4738 747 4797 usqae
761 4722 798 4778 ad
812 4736 913 4795 magna

114 4825 181 4883 pars
196 4826 311 4868 reversa
324 4818 366 4867 cst
379 4811 408 4866 in
426 4810 590 4866 ierusalem.

377 4966 490 5023 CAPUT
503 4966 591 5021 XXV.

150 5109 237 5167 Varis.
254 5112 281 5164 1.
306 5139 341 5150 -
370 5110 494 5165 Verbum.
514 5108 621 5181 (lima.)
646 5108 710 5165 Hac
733 5108 828 5181 priora
851 5115 914 5164 sunt

114 5196 254 5271 praeterita
267 5195 382 5264 visione,
399 5204 464 5266 ctu,
488 5196 626 5270 usquead
647 5196 720 5269 quod
744 5212 799 5253 non
813 5197 912 5253 obser·

113 5293 160 5342 vat
175 5301 286 5342 carmen
302 5285 429 5358 lyricum.

147 5375 228 5432 Anna
243 5379 354 5449 quarta.
382 5374 487 5445 Quarto
511 5390 584 5431 anno
598 5374 674 5447 regis
696 5374 829 5442 inachim,
845 5383 910 5443 etc.,

111 5480 199 5538 utque
214 5464 388 5522 1111111111
408 5473 501 5521 antem
524 5463 684 5520 interfectus
708 5472 749 5520 est
768 5463 913 5521 undecimo

111 5567 183 5609 anno
203 5552 283 5628 regni
297 5552 349 5609 sui.

146 5640 233 5699 Van.
248 5645 276 5700 3.
294 5642 364 5699 -Α
390 5643 475 5701 tertia
489 5641 699 5701 1111111111.
724 5640 912 5699 Atradecirno

964 4542 1117 4616 Egyptius,
1134 4541 1225 4597 sedin
1240 4541 1298 4610 ejus
1312 4540 1471 4613 regionibus
1495 4545 1686 4596 commoratur.

999 4632 1085 4688 Vana.
1102 4635 1148 4689 20.
1164 4662 1198 4672 -
1212 4632 1369 4686 Philistiim
1384 4633 1412 4685 et
1426 4629 1583 4694 Asculanis,
1599 4635 1652 4683 etc.
1670 4626 1761 4682 Gene-

964 4720 1016 4778 rali
1039 4720 1148 4776 nominc
1181 4726 1281 4774 terram
1305 4717 1513 4773 Palaestinorum
1529 4714 1674 4788 significat,
1692 4723 1758 4781 etc..

963 4825 1051 4883 usqae
1062 4809 1097 4865 ad
1107 4807 1268 4863 Palaestinas
1278 4814 1368 4864 autem
1379 4805 1561 4877 aBabyloniis
1576 4812 1669 4875 captos
1678 4809 1760 4876 atquc

963 4905 1085 4955 11111111
1100 4897 1195 4954 scribit
1209 4896 1305 4952 111111.

999 5002 1085 5057 Vnus.
1102 5004 1147 5058 11.
1164 5031 1198 5041 -
1216 5000 1279 5072 Tyri
1302 5003 1332 5055 et
1346 4997 1615 5069 uuiaerrirrepibus,
1632 5002 1686 5050 etc.
1703 4995 1760 5067 Ty-

962 5106 1010 5145 rus
1024 5097 1052 5144 et
1066 5089 1152 5145 Sidon
1165 5087 1268 5143 suntin
1282 5087 1372 5143 littore
1386 5085 1533 5152 Phoenicis,
1544 5094 1607 5152 etc..
1619 5100 1705 5157 usqae
1725 5083 1762 5139 ad

962 5178 1058 5251 lingua
1071 5177 1205 5233 Hebraica
1217 5191 1319 5248 magna
1333 5183 1458 5247 exparte
1472 5173 1587 5232 confinis
1600 5181 1652 5229 est.

999 5286 1086 5340 Vnus.
1102 5287 1146 5343 15.
1162 5313 1198 5324 -
1212 5284 1328 5355 Regibus
1342 5283 1423 5338 Elam
1438 5282 1601 5346 atrabatis,
1619 5286 1671 5336 cta.
1688 5278 1760 5350 Quia

964 5372 1097 5446 sequitur,
1113 5374 1195 5428 Elam
1209 5375 1238 5428 et
1251 5386 1329 5443 repes
1342 5372 1483 5428 lledarum
1496 5369 1665 5425 arbitrantur
1680 5369 1760 5424 Zam-

962 5461 1007 5518 bri
1021 5477 1084 5518 csse
1098 5459 1219 5517 Persidis
1233 5459 1375 5532 regionem
1391 5477 1398 5514 z
1414 5458 1468 5513 nisi
1481 5458 1552 5514 lorte
1566 5457 1630 5530 quia
1643 5471 1762 5529 praeces·

963 5551 998 5607 sit
1012 5549 1125 5617 hrabia,
1141 5549 1329 5622 intelligantur
1343 5563 1405 5604 esse
1419 5563 1501 5620 reges
1521 5545 1686 5602 solitudinis.

997 5642 1034 5698 Et
1044 5654 1099 5698 ran
1108 5639 1204 5706 Serah
1216 5645 1269 5695 etc.
1281 5635 1447 5706 Quasidicat
1461 5652 1469 5690 ε
1484 5633 1589 5692 Omnes
1600 5633 1762 5692 incircum-
