3772 6112
138 212 188 265 let
351 208 554 264 wahaetttm
573 208 696 264 STRhBl
714 208 813 265 FULD.
834 206 920 264 blON.
941 205 1017 264 OPP.
1038 208 1126 266 PARS
1144 209 1166 264 1.
1186 240 1220 250 -—
1239 210 1474 269 THEOLOGICA.
1728 211 1780 266 lto

138 335 212 389 tiara
227 349 263 388 rte
278 333 405 388 obieritis
421 332 532 401 (harre
548 332 590 404 x).
607 333 685 390 Unde
695 332 761 387 ritat
771 330 934 388 calumniam
945 331 974 394 Α
987 333 1096 388 tertium
1112 334 1163 389 sub
1186 335 1285 407 gratia,
1310 343 1435 407 quartum
1459 343 1500 390 est
1525 336 1553 390 in
1577 333 1668 390 futuro
1700 351 1708 388 ε
1736 333 1785 389 ubi

140 421 308 487 iudeorum,
324 419 446 492 gentium
461 419 933 492 autemsalus,passionisetresur·
984 419 1043 477 dies
1058 422 1109 478 erit
1124 422 1182 478 sine
1198 432 1287 489 nocte,
1314 424 1350 480 ad
1374 424 1447 495 quod
1470 423 1586 480 tendens
1611 421 1734 479 reficitur
1755 421 1785 478 in

137 509 267 566 rectionis
283 508 400 580 tempori
415 516 550 565 servetur.
984 509 1036 564 via.

171 597 257 653 Vnus.
269 598 315 655 24.
332 626 367 638 ·-
380 596 441 654 Non
451 614 515 653 suan
524 599 639 653 musar.
652 595 737 666 Quasi
746 596 821 653 dicat
833 614 840 652 :
852 597 931 653 Prius
1018 597 1103 655 Vsus.
1120 601 1163 655 33.
1180 628 1215 640 -
1229 600 1262 654 la
1276 599 1385 656 deserto
1399 616 1498 673 porres.
1514 600 1603 655 Panes
1612 598 1781 670 predicato·

135 693 244 757 oportet
258 700 302 741 me
317 692 520 742 sacramentum
533 683 588 740 mei
605 682 739 741 adventus
753 685 893 757 complere
903 685 932 741 in
983 701 1028 741 res
1043 686 1181 742 desertum
1197 702 1268 754 sese,
1283 686 1312 742 id
1326 695 1377 753 est,
1394 687 1554 743 infecundos
1569 686 1672 744 dieunt.
1692 685 1780 756 Quasi

135 772 247 842 Judaeis,
264 781 291 828 et
305 772 346 830 sic
359 772 496 830 adducere
511 771 581 829 alias
597 788 674 842 oves,
690 782 717 830 et
731 775 785 832 hoe
799 774 834 831 de
849 774 930 848 signo
982 773 1055 830 dieat
1071 792 1079 829 ε
1094 774 1173 832 Unde
1187 776 1267 832 nohis
1280 783 1356 831 tanta
1370 774 1498 832 facundia
1512 784 1542 832 ut
1565 774 1704 847 possimus
1720 782 1780 831 tam

132 861 293 933 petitionem
307 862 387 932 hujus
401 860 563 917 differendo.
981 861 1067 919 avidis
1082 863 1251 920 auditoribus
1274 863 1423 921 sufficeret

169 951 254 1007 Vnus.
278 952 322 1008 26.
339 978 373 989 -
388 950 496 1006 Panem
519 950 654 1018 filiorarrr.
679 950 801 1007 Verbum
824 951 929 1019 salutis,
1017 952 1101 1007 Vens.
1118 955 1162 1008 36.
1178 981 1213 993 -
1227 953 1263 1008 lit
1277 954 1430 1025 accipiens.
1446 954 1481 1011 Ut
1505 952 1630 1008 ostendat
1653 968 1684 1009 se
1710 966 1782 1008 een·

133 1038 207 1110 quod
220 1037 298 1108 prius
313 1036 429 1093 debetur
442 1036 554 1104 ludaeis,
571 1054 626 1095 non
641 1046 683 1095 est
692 1038 795 1095 bonum
809 1038 877 1096 dare
886 1054 931 1097 ea·
979 1039 1102 1112 gaudere
1116 1038 1151 1094 de
1166 1039 1252 1097 salute
1266 1039 1406 1096 hominurn
1420 1048 1447 1095 et
1462 1055 1513 1096 nos
1527 1039 1561 1096 ud
1576 1039 1701 1113 agendas
1716 1055 1781 1113 gra·

132 1126 212 1182 nibus
227 1125 270 1182 vel
286 1124 424 1199 gentibus,
449 1125 548 1182 canina
571 1126 647 1184 rabie
670 1125 830 1184 latrantibus
853 1144 928 1184 sem·
979 1129 1031 1184 tias
1046 1127 1175 1185 informat
1189 1128 1271 1185 etiam
1295 1128 1330 1185 de
1353 1128 1559 1200 temporalibus.
1584 1129 1698 1202 Septem
1720 1144 1778 1201 po-

131 1229 190 1285 per.
644 1255 645 1258 ,
979 1234 1040 1274 raes.
1056 1216 1214 1289 septiformi
1229 1217 1331 1288 Spiritu
1352 1218 1451 1289 pascit,
1476 1218 1603 1288 adjuncta
1627 1216 1783 1288 apostolica

164 1302 250 1359 Vens.
265 1305 310 1360 aa.
327 1304 480 1370 -Etiam,
497 1304 625 1361 Borrine.
642 1304 699 1361 Sub
721 1318 842 1377 persona
865 1320 928 1361 mu·
979 1305 1151 1373 auctoritate,
1167 1304 1245 1377 quasi
1258 1318 1408 1377 paucorum
1422 1304 1539 1377 piscium
1554 1320 1654 1376 sapore
1671 1305 1718 1377 qui
1728 1319 1780 1362 not

129 1390 216 1457 lieris,
238 1390 310 1447 mira
324 1389 393 1446 fides
406 1390 549 1458 Ecclesiae,
564 1398 591 1447 et
600 1391 741 1464 patientia,
752 1400 780 1449 et
788 1392 928 1449 humilitas
978 1392 1234 1465 reficiuntexemplo
1244 1410 1301 1450 snae
1310 1392 1421 1449 ritevel
1432 1393 1538 1450 mortis.
1552 1394 1664 1465 Septem
1675 1408 1776 1465 panes,

67 1482 74 1491 '
127 1479 304 1553 predicatur.
326 1478 416 1545 Fides,
433 1479 498 1552 quia
511 1479 599 1536 eredit
613 1496 697 1552 posse
712 1481 805 1537 sanari
830 1480 925 1538 filiam.
978 1480 1120 1554 Scriptura
1132 1482 1204 1539 Noui
1223 1481 1389 1538 Testamenti
1412 1481 1441 1537 in
1464 1497 1518 1555 quo
1542 1481 1633 1556 gratia
1658 1480 1781 1553 Spiritus

129 1568 273 1635 Patientia,
290 1568 355 1642 qnia
368 1567 448 1625 toties
463 1567 591 1640 despecta
604 1568 635 1624 in
656 1569 787 1641 precibus
810 1578 925 1642 perstat.
977 1571 1066 1627 sancti
1080 1578 1107 1626 et
1122 1570 1259 1627 revelatur
1273 1577 1300 1626 et
1315 1569 1406 1626 datur.
1422 1572 1481 1626 Nec
1495 1577 1558 1625 sunt
1572 1568 1735 1637 hordeacei,
1747 1576 1780 1626 nt

128 1657 281 1725 Rombitus,
298 1657 362 1730 quia
376 1673 407 1714 se
421 1672 476 1714 non
491 1657 616 1725 canibus,
633 1657 683 1714 sed
697 1658 804 1717 catellis
818 1673 963 1762 compa·B
979 1673 1073 1732 supra,
1090 1659 1154 1731 quia
1168 1659 1214 1716 hic
1235 1675 1291 1715 nou
1314 1658 1355 1732 (ut
1377 1660 1405 1715 in
1430 1658 1505 1732 lege)
1520 1658 1601 1715 vitale
1616 1657 1778 1715 alimentum

128 1755 179 1803 rat.
976 1747 1074 1804 animae
1088 1746 1194 1821 sagmis,
1211 1748 1290 1820 quasi
1304 1747 1480 1804 tenacissima
1494 1747 1574 1819 palea
1585 1747 1699 1820 tegitur.
1724 1746 1778 1805 liic

162 1836 234 1894 Nom
248 1839 277 1893 et
286 1835 394 1892 rotelli.
405 1835 508 1904 biensa,
520 1843 562 1891 est
576 1849 656 1893 sacra
669 1834 813 1908 Scriptura
824 1853 832 1904 3
843 1835 924 1893 micae
974 1852 1029 1892 non
1042 1836 1113 1892 duos
1125 1835 1218 1908 pisces
1232 1834 1314 1908 (utin
1329 1835 1391 1909 lege
1406 1835 1461 1892 duo
1477 1836 1661 1910 ungebantur,
1681 1851 1732 1891 rex
1746 1842 1775 1892 et

127 1939 287 1999 puerorum,
311 1931 375 1981 sunt
397 1923 506 1980 interna
527 1924 659 1996 mysteria
682 1924 782 1997 quibus
806 1923 925 1982 humiles
974 1924 1127 1998 sacerdos),
1143 1924 1192 1980 sed
1205 1925 1295 1997 pauci,
1311 1924 1339 1980 id
1349 1932 1400 1992 est,
1417 1924 1504 1981 sancti
1513 1924 1583 1981 Novi
1593 1923 1773 1993 Testamenti,

127 2012 288 2071 reficiuntur
310 2013 362 2068 sub
385 2028 482 2069 mensa
499 2030 506 2068 ι
523 2012 587 2085 quia
610 2012 760 2085 Scripturas
783 2013 924 2070 humiliter
974 2013 1020 2086 qni
1030 2013 1065 2070 de
1075 2012 1202 2071 lluutihus
1212 2012 1304 2070 saeculi
1314 2021 1377 2069 sunt
1386 2013 1482 2086 erepti,
1494 2020 1521 2070 et
1531 2013 1666 2070 sustinent
1675 2013 1769 2070 turbu·

127 2102 239 2170 subditi,
254 2099 346 2159 catelli
359 2108 457 2175 gentes
475 2101 602 2158 humiles.
626 2100 736 2159 Parvuli
760 2101 844 2158 edunt
867 2113 924 2160 non
971 2100 1076 2158 lantum
1089 2117 1177 2170 mare,
1193 2111 1221 2158 et
1234 2102 1360 2176 exemplo
1380 2102 1430 2160 su'o
1444 2118 1495 2159 uos
1518 2102 1654 2173 reiiciunt,
1682 2118 1718 2158 ne
1742 2101 1774 2158 in

126 2207 222 2265 panes,
238 2205 294 2246 non
308 2196 425 2259 crustas,
441 2189 535 2260 idest,
551 2205 608 2248 nen
622 2189 719 2249 litterae
734 2190 920 2264 superficiem,
972 2190 1016 2247 via
1030 2189 1199 2249 deficiamus.

126 2278 176 2337 sed
194 2277 353 2336 medullam.
1006 2279 1117 2352 (Bana.)
1133 2279 1173 2335 lbi
1188 2295 1271 2351 supra
1284 2278 1388 2348 senum,
1405 2288 1433 2335 ut
1443 2279 1582 2335 desideria
1597 2278 1691 2336 carnis
1701 2293 1779 2337 eona·

161 2368 248 2426 Vnus.
272 2371 318 2428 28.
334 2397 369 2410 -
383 2368 541 2442 haeraesi
563 2367 642 2440 fides.
667 2368 713 2426 Sia
737 2368 864 2441 superius
886 2369 921 2427 de
969 2366 1132 2438 primantur,
1142 2367 1187 2424 hic
1198 2376 1392 2439 superterram
1402 2367 1483 2424 ubiet
1493 2368 1552 2440 ipss
1563 2366 1693 2435 mundus,
1704 2375 1774 2436 etc„

125 2457 308 2517 centurione:
325 2457 386 2515 lion
408 2459 507 2515 inveni
531 2461 645 2515 tectum
668 2458 753 2527 fidem
775 2460 808 2515 ia
831 2458 921 2515 lsroil
969 2470 1056 2528 osque
1071 2455 1107 2511 ad
1122 2462 1239 2527 utraque
1254 2454 1367 2512 reiectio
1381 2456 1410 2511 in
1431 2464 1524 2512 monte
1548 2455 1690 2512 celebrata
1711 2463 1774 2525 est,

121 2546 232 2618 (llettlt.
251 2547 323 2617 vrri),
342 2545 388 2619 qui
399 2545 525 2601 similiter
535 2546 576 2617 (ut
585 2548 646 2603 haec
656 2546 824 2618 Chananaea)
834 2544 918 2602 fidem
970 2543 1032 2613 quia
1047 2542 1194 2615 utriusque
1208 2543 1375 2599 Testamenti
1386 2543 1527 2615 Scriptura
1537 2543 1708 2600 altitudinem
1723 2558 1777 2601 caa-

120 2636 244 2710 gentium
258 2635 454 2707 praesignabat.
466 2635 565 2707 llagna
575 2643 617 2690 est
631 2633 700 2690 fides
710 2634 843 2708 gentium,
855 2650 918 2706 quas
968 2629 1077 2686 lestium
1092 2638 1305 2703 praeceptorum
1315 2630 1426 2687 mandat
1441 2639 1467 2687 et
1475 2631 1653 2704 praemiorum
1669 2649 1677 2687 :
1699 2640 1776 2689 utra·

121 2723 150 2778 in
165 2723 258 2779 auditu
273 2722 346 2778 auris
375 2722 507 2778 obediunt
522 2739 529 2777 ε
546 2730 573 2779 et
587 2722 616 2777 in
643 2723 702 2779 Dee
726 2721 842 2778 salutern
866 2722 919 2778 sibi
968 2735 1022 2791 que
1037 2718 1207 2774 altitudinem
1235 2719 1337 2776 Christi
1347 2720 1488 2792 praedicat.

122 2810 235 2883 suisque
249 2811 387 2881 impetrat.
404 2808 485 2879 Quod
493 2825 610 2882 puerum
620 2810 787 2866 centurionis
797 2817 824 2866 et
833 2809 917 2867 liliam
1000 2809 1037 2863 Et
1050 2806 1121 2881 qued
1134 2811 1287 2881 superfuit.
1303 2807 1409 2865 Altiora
1424 2809 1556 2882 mysteria
1570 2825 1633 2881 quae
1642 2823 1699 2867 non
1714 2808 1772 2880 {ca-

122 2898 275 2955 Chunaneae
289 2914 344 2955 non
359 2898 472 2954 veniens
487 2897 522 2954 ad
539 2913 587 2956 eos
602 2905 687 2966 sanat,
705 2897 917 2973 signilieatgen-
965 2895 1005 2967 pit
1018 2897 1171 2953 eommunis
1184 2898 1274 2965 turba,
1291 2898 1407 2970 apostoli
1431 2897 1578 2956 sustollunt
1602 2905 1629 2955 et
1654 2897 1771 2970 implent

122 2992 174 3054 tes,
190 2988 226 3042 ad
241 3003 310 3058 quus
324 3001 381 3042 non
395 2986 469 3042 venit
491 3003 541 3059 per
563 2986 747 3059 praesentiam,
771 2987 916 3045 salvandas
965 2992 1070 3056 septem
1085 2994 1203 3057 sportas,
1215 2987 1243 3042 id
1254 2995 1305 3054 est,
1317 2986 1503 3058 perlectorum
1514 2987 1600 3045 eorda
1610 2987 1768 3059 septiformi

121 3075 302 3148 perverbum
317 3091 406 3130 suum.
903 3104 906 3110 ·
927 3060 1084 3145 CSpiritus
1103 3075 1456 3150 gratiaadintelligendum
1480 3076 1625 3132 illustrata.
1651 3077 1766 3151 Septem

156 3166 192 3220 Et
206 3168 310 3220 saneto
324 3167 377 3220 est.
394 3162 446 3219 Ubi
460 3162 541 3219 detur
556 3161 711 3235 exemplum
731 3163 917 3222 catechizandi
966 3167 1086 3235 sportas.
1112 3165 1219 3235 Spartae
1238 3165 1322 3234 jnnco
1345 3174 1372 3221 et
1394 3165 1549 3237 pulmarum
1574 3165 1647 3222 iuliis
1672 3164 1763 3222 solent

120 3259 147 3308 et
161 3251 314 3324 baptizandi
329 3250 455 3319 inientes,
472 3251 520 3325 qui
543 3267 594 3309 nee
616 3268 723 3324 sapere,
749 3267 801 3310 neu
823 3251 916 3311 lacere
966 3251 1084 3319 contexi,
1100 3259 1127 3307 et
1141 3252 1296 3326 significant
1316 3261 1434 3321 sanctos,
1452 3254 1499 3326 qui
1523 3253 1647 3310 radicem
1671 3252 1765 3311 cordis

122 3340 226 3413 aliquid
240 3349 364 3412 possunt,
381 3341 430 3397 sed
445 3357 495 3412 per
510 3340 592 3398 tidem
607 3350 634 3397 et
647 3341 850 3399 confessionem
863 3357 915 3417 pa·
965 3340 1067 3411 inipso
1082 3339 1155 3396 fonte
1169 3341 1232 3397 vitae
1248 3341 1392 3409 collocant,
1408 3359 1444 3398 ne
1459 3349 1596 3409 arescant,
1617 3351 1648 3398 ut
1658 3343 1760 3413 juncus

120 3437 229 3485 rentum
244 3429 396 3485 liberantur
410 3445 426 3484 a
440 3428 559 3486 diabolo.
965 3428 993 3482 in
1007 3443 1078 3501 aqua
1095 3447 1101 3484 :
1118 3438 1145 3485 et
1158 3429 1270 3501 palman
1283 3439 1393 3487 aeternae
1419 3430 1607 3487 retributionis
1620 3431 1650 3488 in
1676 3431 1762 3489 eorde

154 3516 239 3573 Vens.
255 3520 299 3576 29.
324 3547 360 3558 -
383 3519 419 3573 lit
439 3534 504 3574 cura
530 3520 690 3575 transisset.
717 3517 785 3575 (lum
808 3517 837 3575 in
861 3518 916 3575 filia
966 3517 1092 3573 retinent.

121 3605 307 3662 chananitidis
322 3604 437 3662 salutern
452 3607 576 3679 gentium
589 3606 796 3681 praesignasset,
816 3624 914 3665 rever·
1000 3604 1085 3662 Vens.
1103 3609 1147 3663 39.
1165 3636 1200 3647 -
1213 3608 1249 3663 at
1263 3607 1381 3663 dimisso
1397 3608 1489 3665 turbe.
1511 3607 1562 3664 llic
1585 3608 1667 3666 docet
1691 3608 1766 3681 quod

124 3694 188 3750 titur
202 3693 230 3749 in
243 3696 257 3749 J
261 3695 374 3760 udaeam,
391 3695 453 3766 quia
469 3711 531 3751 eum
545 3695 686 3767 plenitudo
698 3696 819 3770 gentium
829 3697 914 3753 intra·
964 3694 1159 3765 praedicatores
1174 3695 1327 3752 ministrate
1341 3696 1428 3752 turbae
1442 3697 1538 3763 verbo,
1554 3696 1607 3768 ipsi
1621 3697 1697 3754 intra
1716 3712 1764 3755 eu·

121 3782 200 3850 serit,
217 3792 281 3840 tunc
296 3783 480 3840 omnislsrnel
492 3783 650 3841 sulvusfiet.
668 3787 846 3844 lnrrrontem.
859 3786 914 3843 Do·
965 3781 1083 3838 bieulum
1107 3783 1200 3839 cordis
1224 3783 1352 3841 sir-tutum
1375 3784 1476 3841 debent
1500 3782 1577 3840 refici
1600 3785 1703 3857 pomis.
1730 3786 1764 3843 la

116 3871 206 3927 minus
221 3871 249 3925 in
263 3880 365 3938 monte,
383 3872 498 3927 verbum
512 3873 541 3927 in
556 3872 609 3929 alto
625 3872 702 3929 sedet
718 3891 725 3929 ε
743 3874 807 3946 quia
820 3873 849 3930 in
864 3888 914 3929 sua
963 3870 1044 3939 fines.
1060 3871 1196 3944 Magudan
1211 3889 1271 3943 quaa
1286 3872 1340 3928 aliu
1350 3873 1460 3927 nomine
1470 3872 1569 3928 dicitur
1586 3872 1763 3943 Dahnannta,

116 3960 259 4027 majestate
272 3974 328 4013 non
342 3967 435 4028 posset
450 3959 573 4033 intelligi.
964 3974 1024 4030 quae
1039 3966 1080 4013 est
1095 3960 1173 4032 regio
1188 3960 1263 4015 eirea
1278 3960 1422 4016 Gerasam.
1443 3960 1478 4016 Et
1492 3961 1661 4034 interpratur
1678 3980 1763 4037 pomo

152 4046 237 4102 Vens.
255 4050 299 4102 30.
316 4076 351 4086 -
369 4048 468 4104 Ceres.
485 4048 557 4104 Caeci
574 4055 637 4102 sunt
660 4049 706 4120 qui
729 4064 785 4105 non
810 4048 912 4104 intelli·
963 4046 1005 4101 vel
1026 4048 1129 4113 nuntia,
1154 4056 1182 4103 et
1205 4048 1341 4122 significat
1365 4051 1474 4104 hortum
1497 4049 1532 4105 de
1556 4066 1611 4122 quo
1636 4050 1760 4108 dicitur:

117 4142 195 4210 gunt,
212 4134 319 4189 etiarnsi
347 4134 475 4189 obediant
487 4135 654 4204 iubentibus.
681 4136 772 4202 Sardi,
797 4137 912 4208 quinon
963 4136 1064 4192 llorter
1080 4138 1239 4204 certaturus,
1256 4140 1469 4211 praeciperetur,
1482 4139 1760 4215 ubicrescuntpuma

118 4221 258 4289 obediunt,
275 4221 382 4280 etiamsi
396 4221 559 4295 intelligent.
962 4224 1101 4281 virtutum.
1117 4226 1152 4281 Et
1166 4225 1203 4280 ibi
1219 4227 1358 4282 nuntiatur
1373 4243 1473 4283 nomen
1487 4228 1605 4284 Domini.

150 4339 235 4395 Vsus.
253 4342 296 4397 32.
309 4368 343 4378 -
353 4340 433 4394 lesus
443 4341 550 4394 aeterra.
563 4338 701 4395 Convocat
711 4338 870 4411 discipulos,
881 4348 912 4396 ut
1259 4368 1371 4425 CAPUT
1386 4368 1459 4424 XVI·

113 4428 210 4484 doceat
224 4427 372 4500 magistros
387 4442 450 4482 cum
464 4426 615 4482 mineribus
629 4426 831 4484 communicare
841 4418 943 4485 eon-D

113 4514 174 4571 silia
188 4530 248 4570 sua.
265 4515 352 4571 Velut
367 4532 400 4571 ex
410 4515 547 4572 locutione
557 4515 708 4589 intelligant
718 4514 790 4589 signi
799 4516 906 4591 magni·
999 4505 1083 4561 vrrs.
1098 4511 1122 4562 ¹·
1133 4510 1207 4563 —Et
1217 4514 1408 4577 ᾶθθθδδθΐῑίηΐ,
1419 4519 1471 4566 θῑῦ·
1482 4512 1757 4584 Util'tlnumdsscoelb

115 4603 248 4658 tudinem.
266 4604 396 4660 llirereor
411 4606 508 4661 tar-bar.
520 4604 613 4659 Turba
628 4604 719 4660 triduo
735 4604 851 4661 sustinet
861 4606 914 4662 Do·
963 4602 1015 4651 ⁰i0·
1032 4596 1066 4652 Ui
1081 4596 1127 4667 ‘lui
1141 4598 1216 4669 palii
1229 4598 1329 4654 multos
1339 4598 1435 4670 paucis
1452 4617 1459 4654 ἰ
1475 4615 1576 4656 manna
1586 4600 1697 4672 Pluere!
1705 4615 1760 4675 (1¹10

115 4689 229 4757 minum,
247 4689 312 4762 quia
326 4688 422 4747 fidelos
435 4692 598 4764 paenitentes
618 4709 648 4749 se
664 4692 699 4749 ad
723 4692 869 4749 Dominum
883 4694 912 4750 in
961 4699 1057 4739 omnes
1066 4684 1200 4742 reficeret.
1213 4686 1291 4743 Unde
1300 4689 1421 4744 loannes
1430 4695 1492 4759 post
1503 4688 1624 4745 edulium
1633 4705 1756 4762 panum:

111 4794 197 4851 opere
212 4785 239 4835 et
255 4794 382 4834 sermone
396 4787 423 4834 et
438 4779 602 4852 cogitatione
618 4790 790 4849 convertunt,
813 4782 859 4854 qui
882 4782 912 4839 in
962 4771 1038 4840 OM
1053 4776 1166 4845 Sillim
1179 4777 1262 4847 s‘lCl'b
1280 4780 1313 4831 Μ
1327 4775 1472 4833 videmini
1484 4781 1513 4835 ⁸2
1523 4776 1675 4836 mamm
1685 4780 1760 4836 libi!

111 4866 255 4939 praesentis
271 4865 333 4922 vitae
348 4866 391 4921 via
405 4866 565 4936 deficerent,
596 4869 619 4925 si
643 4869 672 4926 in
687 4887 735 4927 sua
763 4869 910 4928 conscien-
959 4861 1756 4933 pariatoperoristPotresnostrimendueoruntmeancin

115 4954 151 5009 tia
167 4955 225 5010 sine
240 4953 371 5011 doctrinae
385 4954 484 5026 pabulo
500 4956 709 5015 dimitterentur.
728 4959 910 5031 insuperiori
959 4948 1068 5006 ‘leiim
1082 4950 1176 5020 HOM-
1193 4952 1242 5023 ΨΟ·
1260 4951 1391 5009 Ρθῑθῧᾶΰῑ
1402 4955 1532 5011 ίθῦῑθῦἆῠ
1556 4961 1586 5011 Ui
1600 4955 1629 5011 in
1652 4969 1759 5013 mrem

113 5042 193 5117 signo
208 5042 354 5114 propinqui
368 5053 564 5114 memorantur,
581 5046 701 5104 cilicini
716 5047 836 5120 quinque
847 5064 909 5104 gen.
957 5036 1026 5093 Eliae
1039 5037 1133 5111 ignem
1147 5039 1181 5095 de
1192 5040 1301 5096 sublimi
1312 5042 1442 5108 mitteret,
1454 5043 1497 5099 vel
1510 5042 1541 5099 in
1550 5042 1756 5103 similitudinem

113 5147 194 5187 suum
208 5138 234 5188 et
250 5146 346 5188 eorum
360 5148 416 5187 non
430 5133 590 5190 recordatur
605 5135 748 5202 Dominus,
760 5137 811 5193 sed
822 5136 908 5195 disci·
958 5124 1094 5183 samuelis
1108 5129 1203 5185 ίὲδῑῑνῡ
1218 5137 1342 5203 lemPOre
1361 5132 1468 5206 mugile
1491 5132 1612 5189 ¹⁰&in
1634 5131 1749 5203 Ῑθθθῐθῑι

112 5218 171 5294 puli
183 5218 212 5276 in
226 5235 341 5292 vespera
351 5221 408 5291 jum
423 5219 550 5278 inclinato
565 5222 632 5278 sole.
657 5223 708 5280 llio
730 5225 863 5282 Dominus
878 5241 908 5285 se
958 5215 1037 5287 quasi
1050 5232 1105 5272 110ss
1119 5226 1232 5289 Ρθδδθῦῑ
1248 5227 1274 5276 el
1288 5219 1336 5276 illa
1357 5218 1529 5289 calumssissrir
1554 5229 1582 5278 ei
1599 5220 1701 5281 dicere
1723 5236 1756 5279 0¹

111 5307 238 5365 misereri
252 5308 328 5377 dicit,
339 5316 366 5365 et
376 5323 472 5382 quare,
485 5308 549 5383 quia
558 5310 648 5367 triduo
662 5312 720 5381 jam
729 5322 908 5385 perseverant
957 5304 1072 5361 occultis
1087 5313 1114 5362 et
1128 5307 1212 5363 variis
1227 5308 1299 5365 aeris
1312 5309 1486 5382 passionibus
1501 5309 1647 5368 accidisse.

110 5412 229 5456 meeum.
246 5396 278 5454 ln
292 5404 349 5454 toto
364 5398 465 5455 saeculo
477 5397 586 5456 tertium
596 5407 703 5472 tempus
714 5409 766 5471 est,
778 5417 833 5475 quo
843 5418 907 5478 gra·
992 5406 1077 5464 vans
1092 5412 1120 5466 s.
1136 5437 1171 5451 -
1185 5410 1269 5469 Furto
1285 5428 1407 5485 vespere.
1419 5411 1547 5486 increpat
1563 5427 1623 5483 eos,
1636 5412 1752 5488 quadra

109 5486 146 5544 tia
160 5486 251 5557 datur,
266 5485 386 5561 primurn
400 5494 464 5547 ante
477 5486 578 5563 legem,
595 5488 746 5549 secundum
762 5490 903 5568 sublege,
956 5494 1053 5557 ordine
1067 5495 1265 5560 elementorum
1278 5499 1515 5573 discernantdies,
1530 5500 1749 5578 eedeigncteta·
