3772 6112
128 186 164 245 23
387 181 590 269 WthFRIDI
609 183 731 243 sunau!
749 184 849 242 FULD.
869 183 956 242 ΜΟΝ.
978 183 1054 242 ΟΡΡ.
1074 184 1163 263 PARS
1182 185 1203 242 1.
1224 215 1259 229 -
1277 185 1512 245 THEOLOGICA.
1736 190 1772 249 21

131 287 186 377 bui
199 309 339 381 iutelliqit
356 308 470 375 sedebit,
482 312 616 383 quoniam
640 314 750 385 tempus
772 311 929 384 pessimum
942 311 1007 374 Aet
1021 310 1141 367 virorum
1155 311 1294 367 omnium:
1311 319 1340 367 ut
1353 312 1408 367 illis
1422 327 1438 369 a
1452 312 1579 370 doctrina
1593 312 1776 382 cessantibus,

133 401 176 454 est
190 398 305 470 (Thren.
326 413 376 465 11¹3
392 397 473 453 111511.
491 398 533 469 u).

167 504 253 559 Vnus.
269 507 295 559 3.
313 533 348 546 -
362 503 433 571 Quia
447 504 483 560 de
494 506 579 575 naulo,
596 511 647 561 515.
665 504 775 576 (Η155.)
790 504 831 560 De
855 504 928 561 malo

69 672 73 679 .
130 592 160 649 in
173 591 276 649 malum
291 600 433 648 transeunt
446 601 617 663 peccatores,
643 601 707 664 515,
733 594 879 667 usquead
902 601 929 649 et

131 680 227 754 lingua
241 681 406 736 armantium
421 681 449 734 in
463 680 672 752 blasphemiam.

168 788 254 843 Vane.
271 790 297 843 1.
313 819 348 828 -
365 790 566 862 Unusquisque,
597 795 649 845 515.
666 787 782 861 (Grac.)
808 788 929 843 Callidus

133 874 220 931 bostis
229 891 292 932 cum
307 891 323 930 5
338 878 472 931 bonorum
482 877 611 932 cordibus
621 876 719 948 expelli
734 894 763 932 se
784 878 927 948 conspicit,

132 964 243 1036 eosqui
261 965 295 1018 ab
323 964 376 1019 illis
404 964 484 1020 valde
507 965 657 1038 diliguntur
682 965 808 1037 exquirit,
829 975 856 1021 et
879 983 929 1038 per

132 1068 229 1109 eorum
243 1053 328 1109 uerba
343 1053 487 1109 blandiens
500 1054 634 1125 loquitur,
661 1054 707 1125 qui
735 1054 796 1125 plus
821 1055 929 1110 canteris

132 1149 269 1210 amantur,
287 1150 316 1197 ut
338 1142 404 1197 dum
428 1142 469 1197 vis
493 1143 595 1197 amoris
620 1158 669 1199 cor
691 1142 823 1214 perforat,
849 1142 929 1199 155115

131 1229 320 1303 persuasionis
334 1230 442 1303 gladius
457 1231 493 1285 ad
511 1230 613 1285 intimae
642 1231 811 1287 rectitudinis
834 1231 930 1286 intima

131 1318 312 1389 irrumpenti
329 1319 654 1392 555515555511155).
672 1319 742 1389 Quia
765 1325 793 1375 ct
816 1322 930 1376 iniaaici

134 1406 256 1467 bominis
270 1408 417 1465 domestici
431 1411 492 1481 ejus
507 1409 599 1480 (lliclt.
617 1412 666 1473 vx).
683 1409 810 1464 Fratrum
820 1426 929 1480 quoque

133 1496 223 1568 qratia
238 1511 311 1551 rara.
323 1498 359 1551 lit
369 1498 462 1552 tradet
469 1501 554 1569 pater
562 1498 664 1567 fitium,
681 1503 710 1554 51
719 1499 797 1567 filius
804 1503 927 1572 5515555.

133 1584 169 1641 at
183 1584 237 1641 duo
250 1586 283 1640 15
298 1589 364 1650 tres,
377 1589 405 1642 51
421 1589 478 1641 tres
493 1587 525 1641 15
539 1586 593 1644 duo
608 1586 771 1644 dividentur
781 1586 848 1658 (luc
862 1588 924 1659 xu).

168 1690 254 1747 Vnus
284 1693 309 1745 b.
335 1723 370 1732 -
396 1693 430 1751 111
456 1694 553 1766 inique
580 1698 696 1764 aqercnt
721 1671 964 1771 laboraverunt.B

131 1777 304 1855 (11555115
325 1780 348 1835 si
377 1790 471 1852 aperte
500 1781 662 1837 diceretur:
697 1781 749 1851 Qui
764 1783 845 1839 amici
868 1799 929 1838 osse

132 1868 255 1927 55515115
270 1870 329 1925 5155
353 1868 448 1926 labore
471 1879 627 1942 potuerunt,
652 1879 681 1926 ut
704 1880 827 1943 peccent,
853 1871 930 1927 labo·

132 1966 195 2015 rant
211 1976 218 2013 ε
234 1974 351 2031 cumque
366 1959 458 2016 vivere
475 1959 635 2030 simpliciter
645 1969 771 2029 renuunt,
788 1960 930 2017 laboribus

134 2046 246 2120 exigunt
261 2055 290 2102 ut
305 2047 466 2103 moriantur.

168 2154 255 2211 Vnus.
272 2155 299 2209 ’1.
315 2185 350 2196 -
364 2156 399 2211 lit
408 2142 525 2228 probabo
536 2171 581 2211 eos
596 2156 703 2225 (Hran.)
718 2157 748 2210 ln
764 2155 931 2213 1555555151-

131 2241 694 2317 1515115515.15551551155515155555.
711 2245 808 2317 (dccli.
825 2245 929 2316 xxvulz

133 2339 164 2389 ut
176 2331 310 2407 quidquid
324 2332 353 2386 in
367 2332 446 2388 nobis
461 2333 622 2389 adulterina
637 2334 760 2389 materias
778 2342 828 2403 est,
846 2349 930 2389 exco-

134 2429 243 2494 quatur.
260 2422 412 2493 Argontum
428 2421 500 2476 enim
516 2422 624 2478 Domini
640 2425 704 2494 ique
719 2425 928 2490 examinatum,

135 2511 285 2586 probatum
301 2514 393 2576 terra,
408 2514 563 2582 purqatum
577 2513 741 2585 septuplum
764 2512 852 2583 (Psat.
880 2514 928 2583 xi).

170 2617 256 2672 Vnus.
273 2620 299 2671 9.
316 2647 351 2658 -
364 2617 496 2690 Nunquid
510 2634 596 2690 super
610 2619 653 2673 his
668 2618 734 2689 (15.)
749 2617 827 2689 Saepe
842 2619 931 2674 uersi-

133 2704 227 2765 culum
240 2705 323 2760 istum
337 2705 444 2776 repetit,
461 2714 490 2759 ut
504 2705 584 2760 malis
599 2722 695 2761 eorum
710 2708 876 2762 enumeratis
890 2708 932 2761 in·

135 2791 206 2850 ierat
221 2809 251 2849 55
261 2794 335 2862 justo
350 2793 441 2850 lacere
457 2794 530 2866 quod
546 2793 620 2851 lacit.

170 2898 256 2955 Vnus.
275 2903 318 2954 lo.
344 2930 379 2941 —
405 2901 495 2974 Super
522 2905 642 2958 mantes.
672 2901 930 2975 (ln.)Tropologice.

134 2987 224 3060 Super
237 2996 344 3044 montes
359 2988 438 3044 fletus
453 2990 611 3058 assumitur,
629 2999 694 3060 515,
724 3008 811 3064 usquc
835 2992 871 3048 ad
886 2993 932 3063 qui

133 3086 249 3150 possunt
271 3078 300 3133 in
323 3078 440 3134 sublime
455 3079 606 3135 ascendere
634 3096 721 3151 usque
736 3079 772 3136 ad
782 3080 929 3151 simplices,

134 3175 310 3225 recesserunt
325 3182 342 3222 a
356 3168 424 3223 Deo.

172 3273 660 3330 1155511-13115151555551555.
678 3274 745 3346 (15.)
755 3275 823 3332 Cum
839 3277 932 3332 eccle·

136 3361 240 3419 siastici
257 3361 386 3420 doctores
410 3360 548 3430 deliciunt,
574 3372 638 3432 515,
668 3380 755 3437 usque
771 3365 808 3421 ad
836 3366 933 3437 etqui

135 3450 210 3520 dicit,
222 3452 384 3507 lababitabo
398 3455 428 3507 et
441 3452 621 3508 inambulabo
635 3454 667 3508 15
682 3454 722 3508 515
737 3453 811 3523 (lea.
837 3454 930 3526 xxvi).

170 3559 256 3614 Vana.
270 3559 312 3612 11.
328 3588 363 3598 -
375 3558 469 3614 Cordis
485 3560 539 3616 551.
555 3559 616 3613 Ν55
631 3558 659 3613 15
673 3559 757 3614 corde
767 3569 871 3631 nostro,
884 3561 933 3616 sed

135 3647 165 3704 in
177 3646 296 3702 Domino
312 3644 505 3702 confidendum
519 3655 570 3702 est.
588 3648 706 3702 Pravum
722 3656 764 3703 est
778 3664 827 3705 cor
841 3649 932 3705 homi-

135 3735 189 3806 nis,
205 3736 241 3791 de
257 3750 311 3808 quo
326 3743 425 3790 exeunt
439 3751 532 3806 pravae
547 3736 737 3810 cogitationes.

169 3843 256 3900 Vnus.
273 3844 317 3897 15.
334 3873 369 3883 -
383 3842 488 3899 idcirco
511 3844 570 3900 nac
593 3844 662 3900 dicit
671 3845 817 3901 Dominus.
843 3845 934 3901 Potest

135 3932 171 3990 dc
185 3931 275 3988 vicino
297 3937 420 4001 tempore
443 3931 611 4002 prophetari,
643 3947 697 4002 quo
726 3933 798 4003 capti
828 3942 890 3987 sunt
918 3950 934 3988 a

137 4020 292 4078 chaldeis:
308 4027 335 4074 et
350 4018 462 4091 proprio
477 4018 512 4073 de
528 4020 589 4086 hoo,
608 4035 662 4090 quo
677 4020 704 4073 in
720 4020 848 4076 omnibus
862 4038 933 4094 gen-

136 4107 209 4164 tibus
224 4114 287 4162 sunt
301 4106 419 4177 dispersi
434 4114 461 4161 51
476 4113 533 4162 1515
547 4108 614 4162 orbe
629 4107 719 4163 diuisi.

171 4213 250 4269 Vens.
265 4215 307 4267 16.
320 4243 354 4253 -
365 4213 506 4268 Gladium.
524 4212 630 4285 (thn.)
640 4212 690 4268 Vel
705 4214 876 4270 materialem
890 4217 934 4272 vel

137 4301 318 4374 spiritualem,
335 4317 389 4374 quo
404 4300 571 4371 dividuntur,
587 4317 623 4357 ne
637 4302 665 4356 in
688 4303 791 4358 malum
814 4320 933 4361 consen·

136 4389 214 4462 liant,
230 4390 321 4448 sedin
335 4406 379 4459 eo,
396 4390 470 4461 quod
483 4388 549 4444 mali
563 4398 635 4460 sunt,
656 4391 823 4463 dispereant.

171 4497 257 4553 Vnus.
271 4497 317 4551 l'l.
348 4526 384 4536 -
412 4498 447 4551 ut
475 4500 580 4552 uocate.
601 4498 703 4554 Vocato
731 4499 936 4557 lamentatrices

135 4594 249 4658 propter
264 4584 384 4641 laturam
399 4584 593 4655 captivitatem,
610 4594 674 4656 515,
703 4604 790 4660 usque
818 4589 854 4644 ad
866 4604 934 4646 voce

134 4674 275 4732 modulata
288 4674 420 4745 populum
433 4672 624 4730 transfundant
639 4675 667 4730 in
681 4675 828 4749 lacrymas.

171 4763 257 4820 Vnus.
275 4766 318 4818 18.
335 4762 466 4820 -Oculi
489 4767 592 4820 555151.
615 4766 786 4836 Propterea:
804 4766 846 4821 vel
876 4767 935 4839 ipse

136 4853 212 4909 Deus
227 4850 350 4922 adjungit
364 4866 394 4905 se
410 4852 600 4922 compatientis
615 4852 733 4923 affectui,
751 4863 780 4909 ut
795 4856 868 4926 quod
882 4872 935 4926 po-

135 4940 217 5013 pulus
232 4939 355 5009 sustinet,
373 4939 509 4995 sustinere
524 4948 551 4996 et
565 4942 667 4998 sentire
690 4943 749 5013 ipsc
763 4942 880 4999 dicatur.

171 5047 257 5104 Vnus.
285 5050 328 5101 19.
345 5077 379 5087 -
395 5046 532 5114 Quomodo
562 5050 676 5105 5551511.
702 5049 800 5106 Dicant
827 5052 879 5107 hoc
907 5051 935 5105 in

49 5200 52 5205 ⁴
133 5135 326 5210 persecutione
351 5135 522 5191 credentium
545 5135 643 5205 turbae,
669 5153 729 5207 quae
751 5138 935 5196 1151555555-

134 5232 275 5282 15155551
290 5233 372 5297 atquo
388 5224 518 5294 confusae,
536 5226 600 5296 quia
615 5226 822 5299 dereliquerunt
844 5229 935 5301 legem

135 5314 254 5383 Domini,
272 5321 299 5369 51
320 5313 502 5368 deseruerunt
517 5314 696 5371 tahemacula
714 5331 773 5371 sua.

170 5402 257 5459 Vnus.
273 5406 318 5460 211.
336 5433 370 5443 -
386 5401 487 5458 151115
503 5418 575 5475 erqo.
592 5403 724 5475 Superius
733 5404 800 5460 dixit
816 5423 823 5460 :
839 5411 935 5464 uocate

135 5488 360 5560 lamentatrices,
388 5499 440 5546 etc.
457 5491 536 5547 Nunc
553 5491 632 5563 quasi
655 5502 806 5564 praesentes
822 5494 936 5567 alloqui-

134 5588 188 5653 tur,
204 5580 233 5638 in
247 5580 471 5655 suggillationem
485 5581 670 5652 sacerdotum,
682 5590 764 5657 atque
778 5583 933 5659 doctorum,

851 5812 864 5843 Ι

978 399 1108 455 mulieres
1123 400 1235 455 audiant
1249 401 1364 456 verbum
1379 401 1498 457 Domini.

1014 489 1099 544 Vens.
1116 493 1161 547 21.
1178 519 1213 531 -
1228 490 1299 557 Quia
1313 490 1452 547 ascendit.
1471 490 1543 559 Quia
1557 498 1633 545 tanta
1649 489 1776 547 5111151-

979 577 1074 646 titudo,
1104 585 1132 632 51
1159 577 1289 634 velocitas
1312 578 1445 647 hostium,
1476 569 1514 633 ut⁴
1534 593 1590 633 non
1619 587 1777 650 exspectent

978 666 1088 735 ostium,
1106 666 1155 721 sed
1169 682 1220 737 per
1234 665 1379 735 155551555,
1397 676 1423 722 51
1439 674 1510 722 15515
1525 667 1721 723 conscendant.

1014 756 1099 811 Vnus.
1112 758 1155 813 21.
1168 786 1203 795 -
1212 757 1333 828 Loquere
1344 776 1353 812 :
1365 757 1426 811 lloec
1436 756 1514 821 dicit,
1527 763 1579 812 etc.
1592 755 1698 827 (litun.)
1710 757 1777 812 Ver·

979 844 1045 898 bum
1058 844 1223 900 Hebraicum
1238 844 1311 914 quod
1327 844 1413 898 tribus
1429 844 1525 899 litteris
1555 844 1693 913 scribitur,
1711 854 1775 915 515,

978 934 1115 1007 usquead
1142 941 1240 987 utnon
1255 933 1289 987 511
1305 932 1352 1004 qui
1367 933 1480 1003 sepeliat
1495 942 1665 988 corruentes,

1017 1022 1093 1077 Vers.
1109 1023 1153 1079 21.
1170 1051 1205 1062 -
1221 1022 1274 1089 Qui
1287 1024 1361 1093 [acio
1375 1021 1609 1079 misericordiam.
1626 1023 1692 1093 (ln.)
1708 1024 1775 1078 Etsi

979 1110 1105 1182 quaedam
1114 1109 1259 1165 videantur
1268 1110 1377 1178 injusta,
1390 1110 1481 1165 omnia
1492 1119 1592 1180 tamen,
1606 1118 1669 1180 515,
1687 1128 1774 1184 usque

979 1199 1015 1255 ad
1030 1199 1244 1271 5515155555,
1261 1201 1293 1253 15
1308 1201 1425 1254 Domino
1439 1201 1577 1272 qlorietur
1601 1200 1639 1270 (11
1653 1200 1713 1256 Cor.
1731 1201 1773 1271 x).

1014 1288 1098 1343 11555.
1116 1290 1160 1343 25.
1177 1318 1211 1327 -
1225 1289 1294 1343 Ecce
1309 1288 1368 1343 dies
1383 1289 1507 1343 5551551.
1525 1286 1592 1357 (ln.)
1607 1287 1775 1358 1115115555-

979 1376 1055 1444 tium,
1072 1385 1098 1431 51
1126 1376 1243 1431 maxime
1280 1375 1381 1431 Judaeae
1408 1385 1435 1431 51
1462 1376 1611 1431 Palaestinae
1643 1375 1775 1447 55511555,

979 1474 1044 1534 eto,
1060 1466 1197 1539 usquead
1219 1465 1392 1522 circumcisio
1415 1465 1488 1520 enim
1511 1481 1565 1520 non
1583 1466 1706 1537 prodest,
1723 1466 1775 1523 nisi

979 1555 1069 1626 legem
1085 1555 1226 1611 observes.

1293 1660 1405 1716 CAPUT
1418 1660 1455 1717 X.

1016 1799 1100 1854 Vnus
1119 1803 1143 1853 1.
1160 1829 1195 1838 -
1209 1799 1310 1855 151115
1325 1799 1448 1867 verbum,
1466 1805 1518 1853 etc.
1537 1799 1643 1870 (11155.)
1662 1798 1776 1869 Proprie

979 1889 1112 1944 adversus
1127 1903 1175 1943 eos
1189 1887 1318 1958 loquitur,
1339 1895 1403 1956 515,
1420 1887 1557 1960 usquead
1586 1896 1660 1945 etex
1684 1888 1776 1944 causis

979 1977 1133 2034 ooelestium
1147 1976 1324 2032 moderentur
1338 1984 1457 2031 terrena.

1015 2067 1100 2122 Vnus.
1118 2070 1143 2120 3.
1160 2081 1195 2108 ι
1209 2067 1338 2137 tiquam.
1364 2066 1430 2137 (15.)
1446 2064 1526 2134 Quod
1550 2065 1584 2119 de
1608 2064 1689 2120 idolis
1704 2065 1777 2120 dixi-

979 2172 1050 2224 mus,
1067 2163 1131 2222 515,
1148 2170 1235 2228 usque
1249 2155 1286 2210 ad
1299 2154 1413 2225 propria
1426 2163 1467 2209 est
1481 2162 1508 2210 et
1522 2170 1619 2209 eorum
1634 2155 1680 2226 qui
1696 2155 1778 2226 ignc-

980 2252 1042 2300 rant
1056 2245 1153 2299 Deum.

1015 2333 1101 2388 Vnus.
1119 2334 1145 2387 1.
1162 2363 1196 2373 -
1210 2333 1331 2404 1555515
1342 2336 1371 2387 51
1385 2348 1463 2389 auro.
1476 2332 1541 2402 (ln.)
1557 2333 1591 2388 Ut
1601 2331 1709 2405 fulgore
1719 2348 1777 2388 ma·

980 2422 1055 2480 teriae
1070 2421 1207 2493 simplices
1222 2429 1337 2492 occupet
1352 2428 1379 2476 et
1392 2421 1519 2493 decipiat.
1532 2422 1582 2477 Hic
1597 2438 1676 2476 error
1690 2438 1778 2493 usque

980 2512 1016 2567 atl
1030 2527 1081 2566 nos
1095 2511 1228 2583 pervenit,
1241 2519 1268 2566 ut
1280 2510 1440 2582 religionem
1450 2510 1478 2564 in
1487 2509 1588 2566 divitiis
1599 2510 1775 2568 arbitremur.

1017 2600 1102 2655 Vnus.
1119 2602 1144 2654 5.
1161 2631 1196 2640 -
1210 2600 1301 2656 Nolite
1315 2616 1378 2672 erqo
1399 2601 1509 2655 timere.
1532 2598 1626 2654 Solent
1650 2600 1776 2671 plerique

981 2689 1104 2760 gentium
1114 2688 1252 2745 daemones
1267 2688 1359 2745 colere
1374 2705 1408 2743 ne
1423 2687 1557 2756 alliciant,
1584 2696 1610 2743 51
1624 2688 1694 2744 alios
1708 2705 1777 2744 exo-

982 2793 1055 2847 rare,
1071 2786 1100 2835 ut
1113 2776 1275 2848 proficiant:
1292 2776 1364 2832 unde
1378 2776 1520 2849 Virgilius,
1541 2778 1650 2833 AEneid.
1668 2792 1699 2833 ut
1717 2796 1724 2832 z

1035 2901 1139 2957 uiarum
1148 2899 1225 2948 hieml
1237 2900 1367 2957 pecudem,
1376 2900 1618 2957 saphyrisaaucinns
1628 2901 1724 2948 albam.

1018 3011 1103 3066 Vnus.
1116 3012 1142 3063 6.
1154 3040 1188 3049 -
1198 3009 1258 3064 Nou
1267 3013 1310 3065 551
1320 3010 1424 3065 similis
1435 3011 1488 3066 tui.
1497 3009 1560 3065 Non
1570 3016 1612 3064 est
1623 3008 1719 3065 similis
1730 3011 1778 3079 tui,

981 3099 1105 3168 Domine,
1118 3099 1242 3168 deorum,
1254 3098 1358 3154 55111551
1368 3098 1414 3169 qui
1429 3098 1464 3153 ab
1479 3098 1614 3155 haereticis
1629 3096 1779 3170 franguntur.

1017 3189 1102 3244 Vnus.
1114 3189 1141 3242 7.
1153 3218 1188 3228 -
1201 3189 1290 3243 Tuum
1304 3191 1346 3242 551
1361 3189 1448 3243 enirn.
1464 3187 1570 3258 (litun.)
1582 3186 1714 3255 Quamvis
1724 3190 1780 3244 bae-

981 3277 1058 3334 retici
1070 3277 1147 3346 juxta
1162 3276 1324 3346 sapientiam
1338 3276 1442 3345 mundi,
1460 3284 1523 3346 515,
1541 3293 1628 3348 usque
1651 3277 1688 3332 ad
1716 3279 1781 3333 Per·

982 3367 1048 3423 dam
1062 3367 1234 3439 sapientiam
1248 3367 1432 3438 sapientium,
1456 3369 1484 3420 51
1505 3365 1692 3437 prudentiam
1715 3383 1782 3441 pru

982 3456 1112 3512 dentium
1128 3454 1276 3527 reprobabo
1293 3455 1319 3523 (1
1333 3455 1394 3510 Cor.
1412 3454 1443 3524 1).

1017 3544 1103 3599 Vnus.
1120 3548 1145 3597 8.
1162 3572 1197 3583 —
1212 3543 1382 3598 iaculatum.
1400 3541 1566 3613 (1511111155
1587 3542 1778 3627 5551551511ς

983 3632 1087 3688 15151155
1102 3631 1257 3700 involvitur,
1274 3631 1385 3699 5551155,
1403 3639 1466 3700 515,
1484 3648 1570 3705 usque
1585 3633 1621 3687 ad
1636 3632 1702 3687 dum
1717 3631 1781 3688 coeli

983 3722 1034 3777 sibi
1050 3722 1171 3778 colorem
1185 3720 1342 3788 ostendunt,
1359 3727 1385 3775 et
1395 3720 1518 3776 caelestia
1532 3720 1701 3791 promittunt.

1019 3812 1160 3879 1155511,
1179 3800 1223 3868 til
1238 3811 1417 3866 -1515551
1434 3813 1550 3865 terra-m.
1568 3808 1635 3878 Quas
1649 3824 1782 3880 coopera-

983 3908 1057 3956 tores
1072 3898 1182 3967 Christi,
1199 3898 1245 3969 qui
1260 3897 1297 3951 dii
1312 3905 1446 3954 vocantur
1460 3907 1487 3953 et
1501 3897 1613 3965 domini,
1639 3913 1689 3969 per
1712 3898 1782 3954 doc-

983 3988 1083 4043 trinam
1097 3986 1312 4043 ecclesiasticam
1333 3987 1433 4057 partim
1448 3985 1583 4043 lecerunt.

1020 4077 1073 4144 Qut
1087 4078 1167 4148 [5511.
1184 4074 1302 4146 (Onia,
1319 4077 1420 4131 115511.
1437 4077 1469 4131 15
1483 4075 1553 4148 der.)
1569 4077 1704 4131 Dominus
1732 4079 1782 4150 qul

983 4167 1055 4237 (5511
1070 4170 1177 4221 terram
1191 4167 1223 4220 in
1237 4165 1561 4237 (5511151155515Τ555
1576 4165 1780 4236 quodammodo

984 4254 1097 4310 virtutes
1111 4254 1161 4309 Dei
1176 4270 1319 4309 assumens
1333 4255 1476 4325 propheta,
1507 4262 1571 4323 515,
1588 4271 1675 4326 usque
1698 4255 1735 4310 ad
1759 4256 1782 4310 si

983 4359 1050 4401 vero
1065 4343 1196 4412 coelestia,
1208 4343 1451 4399 thesaurizatorem
1461 4359 1541 4399 suum
1555 4343 1590 4398 ad
1599 4343 1782 4414 propinquam

985 4432 1037 4488 sibi
1052 4433 1193 4503 regionem
1208 4432 1371 4488 subvehunt.

1020 4523 1106 4578 Vnus.
1125 4525 1167 4577 13.
1184 4552 1220 4562 -
1238 4523 1357 4578 Nebulae
1367 4521 1473 4592 (11155.)
1489 4521 1556 4590 Quae
1570 4530 1705 4576 noverunt
1731 4522 1784 4578 sci-

985 4610 1157 4682 licetquibus
1176 4610 1283 4682 pluvias
1307 4610 1475 4680 suspendant
1499 4617 1526 4665 51
1551 4608 1651 4681 quibus
1676 4609 1784 4681 impen-

985 4699 1069 4754 dant:
1085 4701 1193 4772 llloyses
1208 4699 1287 4770 quasi
1300 4700 1388 4754 nubes
1402 4698 1575 4770 loquebatur,
1602 4698 1648 4769 qui
1663 4698 1781 4768 dicebat,

984 4790 1136 4862 1155555151
1152 4793 1238 4856 terra,
1255 4792 1287 4844 51
1295 4789 1423 4861 pluviam
1439 4789 1592 4844 uerbamea
1611 4787 1712 4855 (1551.
1729 4788 1782 4859 rx).

984 4877 1019 4932 Et
1032 4877 1118 4932 isaias
1135 4895 1141 4931 ε
1159 4877 1239 4944 Audi,
1256 4878 1366 4943 caetum,
1384 4877 1536 4933 stauribus
1558 4878 1681 4948 percipe,
1694 4880 1782 4944 terra,

984 4969 1051 5040 quia
1066 4968 1202 5022 Dominus
1220 4967 1330 5023 locutas
1354 4969 1398 5021 551
1412 4966 1477 5034 (155.
1496 4964 1516 5031 ι)
1531 4964 1570 5021 11
1585 4966 1784 5022 extremitati-

985 5056 1044 5111 bus.
1061 5053 1114 5124 Qui
1128 5055 1185 5110 vult
1200 5054 1228 5108 in
1242 5054 1319 5110 vobis
1334 5054 1439 5124 primus
1458 5070 1529 5122 osse,
1547 5053 1581 5108 511
1596 5052 1718 5109 omnium
1734 5070 1784 5111 no·

985 5143 1123 5198 sissimus.
1135 5143 1221 5199 Aliter
1235 5142 1307 5198 enim
1322 5158 1403 5198 nemo
1418 5141 1448 5198 111
1469 5142 1566 5198 nubes

1020 5233 1145 5304 Vulqura
1158 5235 1191 5287 in
1203 5233 1325 5304 pluuias.
1347 5230 1455 5303 (0515.)
1470 5232 1568 5287 Fertur
1583 5231 1657 5302 quod
1673 5229 1785 5302 fulgura

985 5337 1019 5376 ex
1031 5320 1145 5375 nubium
1160 5320 1204 5376 vel
1218 5320 1347 5375 imbrium
1361 5320 1502 5376 collisione
1519 5327 1697 5391 generantur,
1716 5328 1781 5389 515,

984 5409 1122 5482 usquead
1150 5408 1283 5464 ieremias
1307 5426 1416 5482 quoque
1440 5417 1467 5464 et
1490 5409 1598 5464 Daruch
1621 5408 1674 5462 sibi
1698 5408 1784 5464 collo·

985 5506 1100 5570 quantes
1115 5499 1253 5554 rutilantia
1267 5497 1377 5571 lulgura
1398 5497 1515 5552 mittunt.
1624 5533 1630 5544 .

995 5638 1000 5647 .
1019 5588 1055 5644 lit
1076 5588 1171 5647 educit
1193 5592 1312 5647 uentum
1327 5588 1361 5644 15
1376 5588 1528 5645 thesauris.
1549 5585 1615 5658 (ln.)
1638 5585 1718 5642 Venti
1738 5586 1785 5659 qui
