3772 6112
169 233 221 288 899
470 227 673 286 waramum
693 228 814 286 srnanr
836 227 935 286 rata.
953 227 1039 285 MON.
1058 228 1136 286 OPP.
1153 227 1240 285 PARS
1255 229 1276 284 Ι.
1292 257 1327 270 -
1341 224 1581 283 THEOLOGIGA.
1671 247 1678 259 ·
1768 226 1819 280 900

170 355 249 411 ιιεειε
262 360 305 410 εει
319 353 451 425 sapientia
465 368 482 408 a
497 352 559 408 liliis
583 353 650 420 suis,
666 353 693 408 id
709 361 751 409 est
765 352 858 425 populi
872 359 899 409 et
912 370 966 425 pu·
983 353 1009 415 A
1017 353 1089 421 iacta
1105 361 1167 408 sunt
1181 352 1269 420 vobis,
1285 351 1313 407 id
1323 359 1364 407 εει
1375 351 1448 423 quod
1462 350 1491 405 in
1501 350 1563 422 lege
1579 345 1701 403 nonfuit
1714 345 1744 401 in
1757 362 1821 402 ore:

169 443 280 509 blicani,
293 441 511 512 justificaverunt
525 443 623 497 Deum.
1019 458 1103 513 super
1117 448 1269 512 serpentes,
1286 440 1313 496 id
1328 448 1465 511 estsuper
1492 438 1609 503 etnicos,
1627 435 1695 509 quia
1711 451 1822 507 serpens

205 533 386 588 alabastrum
413 533 561 602 unquenti,
580 530 608 584 id
621 538 662 585 est
686 545 784 600 corpus
812 545 873 586 cum
888 528 967 585 fide:
1018 545 1073 585 non
1088 530 1198 596 occidit,
1214 529 1263 585 sed
1277 545 1412 584 venenum
1441 526 1572 584 doctrinae
1588 524 1706 581 effundit
1724 542 1731 578 ε
1748 540 1818 581 scor·

170 627 244 675 stans
258 628 342 690 retro,
357 620 384 674 id
400 627 442 674 est
457 627 518 689 post
533 619 723 675 ascensionem
738 617 846 674 Domini
863 636 870 673 z
887 635 968 675 secus
1018 617 1114 689 piones
1142 635 1205 674 cum
1233 618 1321 673 cauda
1336 625 1362 672 et
1375 624 1456 687 caput
1480 615 1579 688 equale
1609 613 1712 670 occidit
1728 631 1736 668 ι
1752 614 1822 670 idem

169 708 263 780 pedes,
280 708 306 764 id
323 715 364 762 εει
373 707 566 778 Apostolorum
584 725 590 763 :
605 708 741 778 lacrymas
757 707 873 780 rigabat,
885 707 912 762 id
926 716 968 763 est
1018 706 1154 773 diabolus,
1171 707 1217 778 qui
1232 706 1309 761 initio
1324 713 1350 761 et
1364 704 1417 761 iine
1433 705 1563 776 decipere
1578 703 1637 760 vult
1653 720 1660 756 :
1675 704 1760 759 borno
1773 703 1822 758 dis·

170 797 288 853 charitas
304 797 408 851 interna
423 796 653 867 inDeo:capilli,
666 796 745 852 idest
758 795 888 867 superflui
902 795 966 862 cibi,
1019 795 1163 861 candebat,
1180 795 1207 849 id
1223 803 1264 850 est
1277 794 1395 849 mundus
1406 793 1452 865 qui
1476 793 1626 849 anathema
1654 791 1757 848 dicitur
1774 792 1823 847 :in

170 893 197 942 et
218 885 407 941 vestimentum
436 886 500 940 dare
517 903 524 940 ε
541 886 645 941 οεεειει
673 885 759 957 pedes
787 885 856 954 ejus,
883 884 968 940 idest
1018 882 1148 954 latrones,
1158 883 1187 938 id
1198 891 1238 939 est
1248 881 1630 954 daemoneszdispoliavemnt
1640 879 1822 951 illum,idest

169 989 231 1030 curn
245 973 475 1045 omnibuspacem
487 974 587 1030 babere
601 992 607 1028 ε
620 976 694 1030 ιιεεε
704 972 822 1029 debebat
840 972 967 1028 denarios
1018 972 1140 1027 debona
1159 971 1213 1027 fide
1228 989 1234 1026 ε
1251 971 1458 1043 flagellaverunt
1488 970 1575 1041 illum,
1591 970 1619 1025 id
1635 978 1679 1026 est
1706 983 1822 1042 peccare

169 1062 343 1135 quingentos,
360 1062 388 1117 id
404 1071 445 1117 est
459 1071 572 1133 peccata
602 1063 723 1136 gentium
752 1060 898 1119 commissa
917 1078 969 1133 per
1018 1059 1142 1117 fecerunt
1157 1077 1221 1116 eurn
1234 1078 1240 1114 :
1253 1061 1415 1117 semivivum
1430 1059 1611 1131 reliquerunt,
1627 1059 1658 1116 id
1674 1066 1717 1115 εει
1733 1058 1824 1115 virum

168 1150 287 1222 quinque
302 1167 399 1206 sensus
416 1169 423 1205 ε
439 1151 515 1206 Alius
531 1151 736 1224 quinquaginta,
753 1150 781 1205 id
796 1158 837 1206 εει
851 1157 967 1221 peccata
1017 1164 1129 1221 corpus,
1140 1149 1334 1206 conscientiam
1345 1157 1372 1205 et
1382 1149 1502 1205 animam
1515 1155 1654 1205 mortuam
1665 1165 1672 1201 :
1682 1147 1822 1213 sacerdos,

168 1239 419 1295 tudaeorum21sra
448 1239 546 1295 mulier
576 1239 659 1294 Maria
688 1239 847 1312 llagdalena
871 1238 920 1293 luit
934 1237 968 1292 de
1017 1238 1102 1294 idest
1117 1241 1209 1293 Aaron
1225 1256 1231 1292 ε
1248 1238 1351 1306 Levita,
1369 1238 1397 1294 id
1413 1248 1454 1294 est
1470 1239 1556 1295 tribus
1586 1236 1654 1293 Levi
1669 1253 1735 1293 cum
1763 1235 1824 1311 lege

169 1342 224 1399 qua
238 1328 325 1396 ejecta
341 1336 403 1382 sunt
419 1336 522 1399 septem
538 1328 673 1384 daemonia
690 1345 697 1381 :
714 1328 775 1399 quis
791 1335 832 1382 εει
847 1326 892 1398 qui
906 1342 968 1398 pec·
1018 1342 1069 1382 sua
1085 1346 1091 1380 z
1111 1327 1308 1393 Samaritanus,
1323 1327 1352 1382 id
1368 1335 1409 1382 εει
1425 1327 1548 1383 Christus
1565 1345 1572 1381 ε
1590 1325 1637 1398 qui
1652 1333 1696 1381 est
1724 1325 1760 1381 de
1776 1341 1822 1379 su-

169 1422 231 1472 cata
245 1416 416 1471 dimittirtiu
433 1423 473 1471 εει
496 1417 616 1488 patentia
646 1416 736 1472 divina
751 1424 777 1470 et
792 1415 875 1470 virtus
892 1433 899 1469 :
915 1415 969 1469 ista
1017 1415 1149 1470 burbanis
1179 1415 1309 1493 Samariae
1326 1435 1333 1480 ;
1349 1414 1408 1486 ipse
1422 1407 1620 1487 interpretatur
1634 1423 1741 1481 custos,
1759 1412 1824 1484 quia

168 1504 254 1559 llaria
267 1504 366 1578 figurat
395 1504 547 1561 Ecclesiam
562 1506 595 1561 de
611 1521 664 1576 qua
678 1504 757 1573 eiecit
771 1513 876 1576 septem
890 1502 965 1572 vitia,
1017 1504 1052 1559 de
1068 1504 1177 1559 Christo
1191 1505 1269 1559 Deo:
1285 1503 1442 1559 custodiens
1456 1504 1585 1576 parvulos
1599 1502 1757 1558 Dominus:
1770 1499 1824 1556 alli

168 1593 242 1665 quod
256 1593 283 1647 in
298 1601 403 1664 septem
418 1594 477 1649 dies
492 1593 615 1664 peccavit
629 1594 721 1648 borno.
1017 1592 1090 1664 gavit
1119 1592 1233 1647 vulnera
1249 1592 1318 1661 ejus,
1334 1592 1361 1647 id
1376 1599 1418 1647 εει
1431 1609 1481 1664 per
1493 1591 1688 1664 poenitentiam
1718 1589 1823 1645 strinxit

203 1709 253 1764 Vi,
265 1708 385 1780 quidam,
402 1710 429 1763 id
444 1716 485 1764 es,
501 1709 618 1780 populus
638 1708 759 1782 genuum
778 1725 784 1762 :
801 1706 970 1779 ,emporibus
983 1688 1131 1778 Bpeccata
1142 1700 1151 1736 :
1163 1679 1285 1778 infundit·
1299 1679 1360 1736 cleo
1371 1689 1397 1735 et
1407 1681 1643 1780 vino,.se·veritate
1655 1688 1683 1735 et
1693 1678 1823 1778 suavitate

168 1796 274 1862 multis,
293 1797 321 1852 id
334 1804 375 1852 est
389 1797 550 1868 aprincipio
572 1797 665 1851 mundi
682 1815 688 1851 :
706 1796 904 1852 vestimentum
918 1810 973 1850 non
1024 1776 1166 1867 ⁵⁰s¹l³t¹¹fae
1192 1784 1304 1839 P'aemw
1319 1776 1346 1823 et
1359 1786 1440 1868 ΡΨ
1455 1786 1462 1823 ²
1479 1785 1507 1823 ¹¹¹
1519 1776 1677 1868 Jufnenmm
1692 1783 1781 1833 ω’
1796 1766 1822 1822 ¹⁶

170 1884 343 1951 induebatur,
360 1886 387 1939 id
399 1893 441 1940 εει
451 1885 514 1940 fide.
525 1887 583 1940 Nec
594 1885 720 1939 manebat
743 1901 771 1938 ιε
781 1884 872 1949 domo,
889 1883 917 1938 id
932 1890 973 1938 est
1023 1865 1063 1912 05‘
1077 1875 1104 1910 ¹¹¹
1119 1873 1220 1927 ⁰⁰¹'PUS
1235 1873 1314 1912 suum
1325 1876 1332 1923 ἶ
1345 1875 1406 1929 ‘1⁰¹³
1421 1875 1470 1929 pes
1483 1874 1644 1930 P³SS¹⁰¹¹⁰¹¹¹
1673 1857 1820 1912 humanum

176 1971 203 2026 in
218 1972 343 2027 Ecclesia
360 1991 367 2027 ε
384 1974 432 2028 sed
447 1973 476 2027 in
490 1974 682 2039 monumentis,
699 1973 727 2027 id
742 1981 783 2028 est
806 1972 973 2029 consuetudo
1022 1962 1111 2019 &⁰⁰⁰⁵
1126 1945 1250 2016 perdum
1265 1945 1299 2000 ad
1313 1946 1459 2013 smmum*
1475 1946 1502 2001 id
1518 1955 1559 2002 θεῖ
1574 1946 1608 2001 ad
1624 1944 1798 2002 E⁰⁰⁰¹⁰⁵i²m
1813 1963 1820 1998 ²

171 2061 304 2132 peccandi
322 2079 328 2114 ζ
346 2062 448 2117 catenis
476 2062 601 2132 pedibus,
632 2061 660 2116 id
689 2068 731 2117 es,
758 2061 801 2117 lex
829 2069 930 2116 natum
945 2068 971 2116 e,
1022 2035 1091 2089 duos
1104 2034 1240 2103 denarios,
1259 2034 1287 2088 id
1297 2041 1338 2090 εει
1348 2035 1416 2090 (ιεεε
1427 2035 1609 2108 legeszdedit
1620 2034 1785 2100 stabulario,
1796 2033 1822 2089 id

1021 2130 1063 2178 εει
1078 2122 1145 2178 ordo
1160 2124 1304 2179 doctorum
1321 2141 1328 2178 ε
1345 2124 1534 2195 quodcumque
1549 2140 1635 2195 super
1650 2121 1818 2196 erogaveris,

173 2237 310 2306 vestitum,
329 2237 355 2292 id
372 2238 455 2292 estin
471 2238 699 2293 immortalitatem
716 2256 722 2291 ι
739 2238 772 2292 ad
788 2238 873 2309 pedes
900 2238 969 2308 ejus,
1022 2211 1048 2267 Μ
1063 2220 1104 2310 esf
1119 2212 1308 2311 q⁰⁰d⁰uff¹¹q¹¹e
1323 2210 1422 2268 s⁰⁰⁰ri⁵
1437 2229 1486 2283 per
1499 2211 1673 2311 dilissenfiam
1688 2219 1777 2313 ¹,th
1789 2211 1822 2266 de

168 2323 197 2379 id
213 2333 255 2380 est
270 2325 304 2379 ad
326 2326 472 2397 Apostolos
489 2342 495 2381 :
513 2326 615 2381 dimisit
644 2326 720 2381 illum
735 2333 761 2381 et
776 2325 842 2380 dixit
869 2326 927 2381 redi
942 2326 970 2381 in
1020 2299 1143 2356 d⁰⁰¹s¹¹¹³
1158 2301 1297 2355 ¹¹⁰¹¹¹¹¹¹¹¹¹¹¹
1313 2319 1319 2365 3
1336 2299 1821 2372 ess⁰seve¹⁴¹⁰n⁸v¹de⁸²”dludmum

170 2412 280 2468 domurn
296 2422 380 2482 tuam,
411 2415 531 2470 ostendit
545 2415 579 2470 de
593 2397 725 2485 tbeorica,
755 2430 811 2470 non
825 2414 919 2470 venne
934 2415 970 2470 ad
1019 2389 1132 2463 liddam
1148 2388 1196 2443 tibi
1212 2405 1218 2443 ²
1234 2391 1330 2456 ΜΝ
1345 2389 1375 2445 id
1389 2396 1430 2445 θεῖ
1444 2389 1568 2446 E⁰⁰¹e⁸i³
1583 2388 1714 2446 αθωὼ·

167 2501 282 2558 εειεειε.

177 2147 279 2204 litterae
297 2167 303 2202 :
321 2150 443 2218 sedente,
460 2149 488 2203 id
504 2150 586 2204 estin
602 2148 655 2204 fide
672 2169 679 2213 ;
695 2158 757 2220 post
783 2149 970 2221 baptismum:

1054 2532 1152 2598 Μανία,
1168 2531 1197 2586 id
1211 2541 1253 2587 εει
1266 2532 1392 2588 Ecclesia
1405 2531 1529 2589 theorica
1544 2549 1606 2604 quae
1620 2531 1709 2588 verba
1725 2531 1821 2587 Christi

202 2618 311 2688 Mulier,
328 2618 356 2672 id
372 2626 413 2673 εει
428 2617 552 2674 Ecclesia
567 2636 573 2672 :
589 2618 689 2672 lluxum
715 2617 866 2689 sanguinis,
882 2615 969 2672 idest
1019 2634 1127 2690 semper
1154 2621 1228 2675 audit
1247 2639 1254 2675 :
1270 2623 1354 2676 llana
1383 2621 1471 2676 dixit:
1488 2629 1517 2675 ut
1530 2637 1611 2676 soror
1628 2638 1679 2675 sua
1694 2637 1728 2677 εε
1743 2621 1820 2690 adju-

165 2706 209 2761 lex
224 2715 327 2762 naturae
344 2725 350 2760 :
366 2707 402 2761 ab
416 2707 494 2760 annis
509 2707 664 2777 duodecim,
681 2707 708 2761 id
724 2715 765 2762 est
784 2708 844 2761 duae
859 2715 965 2761 aetates.
1017 2725 1097 2764 vasse
1112 2709 1176 2780 quia
1191 2724 1260 2779 opus
1274 2717 1325 2776 est,
1356 2709 1451 2765 activae
1480 2710 1543 2766 vitae
1559 2717 1586 2765 ut
1601 2726 1635 2765 ea
1651 2709 1820 2781 contempla-

205 2822 304 2892 pawn
311 2821 625 2890 fimmamvesyymmyg
639 2823 709 2894 ejus,
723 2820 751 2876 id
760 2829 802 2876 es,
813 2820 968 2876 credidiyqn
1018 2797 1071 2851 tiva
1086 2798 1184 2852 debeat
1200 2798 1331 2866 adjuvare
1348 2817 1354 2852 :
1372 2799 1476 2864 Amice,
1494 2799 1523 2853 id
1537 2807 1579 2853 est
1593 2798 1704 2854 doctor.
1735 2798 1819 2896 bledla

167 2909 308 2966 minimum
323 2910 483 2965 mandatum
498 2911 596 2965 Chrjsg
613 2928 619 2964 :
637 2911 751 2982 quises,
779 2910 824 2981 qui
839 2925 883 2964 me
899 2909 965 2964 teg,
1017 2893 1107 2951 nocte,
1123 2885 1150 2939 id
1166 2893 1206 2939 εει
1221 2885 1248 2940 in
1263 2887 1464 2957 opportunitate
1481 2905 1488 2941 :
1505 2893 1562 2941 tres
1575 2903 1673 2957 panes,
1703 2886 1819 2942 ostendit

166 2998 216 3072 git,
233 2999 260 3053 id
276 2998 377 3071 estqui
393 3015 436 3053 me
458 3000 573 3054 credidit
589 3017 595 3052 :
612 2999 847 3053 virtutemdeme
862 2998 961 3065 exisse,
1017 2971 1098 3072 fidem
1123 2973 1275 3029 Tsifliffliiffl
1292 2975 1403 3074 Amicus
1426 2992 1514 3040 meus·
1538 2975 1566 3030 id
1590 2984 1632 3030 ‘³⁵²
1653 2974 1821 3046 aliuspoefll·

165 3087 194 3142 id
209 3095 251 3142 est
278 3087 312 3141 ad
339 3088 485 3157 probatum
513 3088 559 3159 qui
584 3086 666 3142 tidem
693 3087 788 3142 babuit
805 3104 811 3140 :
829 3089 924 3143 Petrus
935 3094 962 3143 et
978 3065 1124 3128 C²⁰¹¹¹¹³¹¹¹
1138 3078 1224 3133 adens
1238 3063 1273 3118 <¹⁰
1302 3079 1356 3130 Vfflv
1371 3065 1399 3118 ¹d
1415 3072 1455 3119 est
1466 3064 1500 3119 de
1512 3064 1624 3118 mund&
1650 3064 1715 3119 N⁰¹¹
1729 3064 1815 3119 ΝΜΟ

164 3176 470 3240 lebannesetlacobus,
485 3176 512 3229 id
523 3183 564 3231 est
573 3174 651 3244 fides,
664 3192 737 3247 spes,
749 3175 863 3232 caritas:
873 3184 960 3247 pater,
1015 3152 1088 3249 ‘1¹¹‘ss
1103 3167 1204 3221 P⁰¹1¹²¹¹¹
1218 3158 1368 3251 amima
1384 3152 1469 3250 im
1479 3152 1605 3251 ¹¹⁰⁰}010
1620 3152 1726 3208 doessre
1741 3168 1817 3250 0¹¹¹¹J²

164 3262 193 3317 id
208 3272 249 3318 est
263 3263 408 3334 episcopus
424 3282 433 3318 .·
447 3271 545 3331 mater,
558 3264 698 3319 Ecclesia:
715 3264 962 3320 castellaetcivita-
1015 3247 1114 3338 Oftfum
1129 3240 1262 3338 clausum,
1277 3241 1307 3340 Jd
1323 3249 1364 3340 esi
1374 3250 1472 3296 ⁰⁵i¹¹¹¹¹¹
1484 3241 1547 3296 ⁰⁰3¹¹
1562 3242 1636 3339 Wd
1652 3257 1709 3297 ⁰⁰¹¹
1724 3247 1816 3339 ipim»

166 3357 217 3418 tes,
234 3351 262 3406 id
290 3359 332 3406 est
347 3352 458 3407 serviet
472 3353 579 3408 Domini
595 3371 602 3420 3
618 3362 795 3409 narraverunt
812 3353 837 3409 ei
852 3369 913 3425 quae
927 3352 964 3409 ie·
1014 3344 1068 3382 ¹¹¹⁵¹
1082 3336 1182 3384 ⁰³f¹²³⁸
1206 3346 1284 3400 puffl
1311 3346 1366 3385 mffi
1380 3347 1486 3385 mecum
1503 3336 1575 3397 suma
1592 3330 1620 3384 ¹d
1638 3337 1680 3385 ⁰⁵¹
1711 3336 1817 3385 “fimes

165 3447 260 3494 cmm
276 3457 283 3494 :
298 3440 358 3495 ,fies
383 3442 465 3513 emp„
491 3442 638 3510 declinam,
655 3443 683 3497 Μ
698 3450 739 3498 es,
753 3441 811 3498 fies,
824 3459 879 3497 nox
894 3460 901 3510 3
917 3442 962 3497 di„
1015 3416 1141 3472 coelestes
1157 3436 1164 3471 ε
1181 3419 1254 3489 quod
1283 3418 1386 3475 deforis
1401 3427 1442 3474 est
1457 3426 1483 3474 ει
1496 3419 1578 3487 ἰειεε,
1595 3418 1623 3472 id
1639 3427 1682 3473 est
1696 3418 1745 3490 qui
1758 3416 1819 3474 iecit

163 3528 253 3595 mim,
270 3530 374 3584 ,umam
389 3531 509 3586 yudaeos·
1014 3520 1114 3576 corpus
1128 3506 1187 3576 ipse
1202 3506 1267 3562 iecit
1282 3507 1418 3562 animam:
1434 3507 1497 3563 date
1509 3506 1718 3578 eleemosynam
1728 3514 1818 3562 eton-

1013 3594 1058 3648 nia
1072 3594 1175 3650 munda
1191 3603 1253 3650 sunt
1268 3614 1274 3650 :
1292 3604 1319 3650 et
1334 3596 1356 3650 si
1372 3612 1425 3651 non
1450 3596 1582 3651 dederitis
1597 3597 1741 3652 immunda
1758 3602 1815 3650 sunt

1014 3683 1103 3738 omnia
1119 3700 1180 3754 quae
1206 3684 1322 3740 babetis.
1353 3684 1416 3740 Noli
1430 3684 1524 3740 timere
1551 3685 1670 3757 pusillus
1683 3701 1753 3758 grex
1769 3683 1814 3740 :id

163 3732 224 3832 bus,
241 3734 388 3804 benedixit,
405 3736 432 3790 id
447 3742 492 3834 εει,
502 3735 682 3834 Evangelium
699 3754 705 3789 :
721 3734 813 3808 iregit,
829 3735 857 3834 id
873 3743 914 3834 est
928 3736 962 3789 ad
1014 3780 1077 3827 sun,
1090 3772 1177 3829 Judaei
1203 3773 1328 3828 dixerunt
1341 3774 1403 3845 quia
1417 3774 1594 3830 crediderunt
1610 3792 1617 3827 :
1635 3774 1712 3846 quod
1726 3773 1809 3830 maye.

161 3820 281 3878 litteram
298 3839 304 3879 τ
320 3831 427 3896 oportet
455 3823 541 3879 filiurn
556 3825 673 3879 bominis
700 3825 785 3879 multa
798 3833 865 3895 patr,
881 3824 908 3878 id
922 3832 964 3922 est
1014 3860 1101 3916 dictus
1116 3860 1166 3916 fui,
1180 3861 1283 3934 inlege
1298 3863 1462 3935 quipaupe,
1477 3862 1569 3918 fiebat·

162 3913 233 3968 mori
251 3914 433 3986 :navigantes
452 3929 485 3968 ex
512 3913 607 3985 politia
633 3913 756 3985 periculo
787 3913 898 3986 navigii,
917 3930 963 3984 qur

162 4001 384 4073 tranquillitatem
411 4011 474 4072 post
488 4003 555 4058 vidit
568 4003 729 4073 periculum,
759 4018 890 4058 excessus
904 4001 963 4070 ejus
1048 4004 1146 4059 Lumbi
1160 4005 1248 4059 uestri
1269 4005 1418 4076 praecincti
1429 4003 1567 4061 :ostendit
1581 4003 1740 4060 castitatem
1751 4021 1759 4059 z
1770 4005 1815 4059 Lu·

161 4089 249 4144 multa
262 4091 318 4160 pati
333 4091 457 4160 sequenti
472 4090 525 4156 die,
543 4091 626 4146 idest
640 4092 668 4145 in
684 4093 805 4147 secunda
820 4090 883 4161 lege
900 4108 907 4143 ε
923 4089 965 4144 vir
1013 4107 1103 4148 cernae
1118 4091 1255 4162 ardentes,
1265 4092 1293 4147 id
1303 4100 1345 4148 est
1354 4109 1435 4165 opera
1446 4093 1526 4148 bona.
1539 4094 1573 4148 Ut
1585 4109 1650 4149 cum
1666 4093 1781 4160 venerit,
1789 4091 1813 4146 id

161 4177 197 4234 de
212 4178 289 4233 turba
305 4178 475 4246 exclamavit,
493 4181 521 4234 id
535 4188 577 4234 est
590 4181 729 4235 abraham
747 4198 753 4234 :
770 4179 840 4234 libus
855 4179 961 4245 unicus,
1013 4182 1089 4236 estin
1099 4180 1194 4235 dolore
1206 4199 1212 4234 :
1224 4189 1251 4236 et
1260 4182 1416 4252 pulsaverit,
1429 4183 1508 4238 idest
1518 4182 1610 4236 anima
1619 4191 1810 4252 permorten:

161 4265 191 4322 id
205 4275 247 4322 est
260 4283 340 4323 omne
356 4283 444 4341 genus
461 4285 468 4322 :
485 4268 574 4323 subito
593 4269 715 4323 clamans
729 4268 758 4323 id
773 4276 814 4323 est
828 4268 961 4336 irascens,
1012 4277 1039 4324 et
1054 4268 1196 4325 confestim
1210 4271 1344 4341 aperiant,
1360 4271 1389 4326 id
1402 4279 1443 4327 est
1458 4287 1567 4343 semper
1584 4278 1715 4342 paratum
1731 4286 1810 4327 esse:

163 4363 190 4410 et
204 4355 280 4412 elidit
300 4357 329 4410 in
351 4356 505 4412 adulatione
519 4356 637 4428 proximi
650 4374 656 4410 :
669 4357 782 4428 dissipat
797 4374 868 4424 earn,
884 4356 965 4412 idest
1012 4358 1117 4414 transiit
1131 4367 1158 4414 et
1173 4359 1338 4414 ministrabit
1366 4360 1430 4427 illis,
1447 4360 1473 4415 id
1489 4368 1530 4415 est
1543 4368 1606 4431 post
1624 4361 1761 4431 judicium
1774 4359 1812 4414 vi·

160 4442 187 4498 in
202 4444 403 4516 desperatione,
433 4461 494 4500 curn
523 4461 630 4516 spuma,
644 4446 672 4501 id
685 4454 726 4501 est
743 4461 804 4503 cum
819 4446 930 4501 stultitia
946 4462 953 4500 :
968 4423 995 4484 D
1009 4456 1063 4503 tarn
1077 4456 1205 4503 aeternam
1216 4463 1223 4504 :
1234 4448 1327 4520 ignem
1342 4450 1406 4505 veui
1430 4449 1543 4504 mittere
1560 4448 1587 4504 in
1602 4457 1720 4517 terram,
1737 4448 1814 4504 idest

160 4549 270 4589 manum
285 4551 369 4605 super
397 4543 530 4603 aratrum,
547 4535 576 4590 id
591 4544 631 4590 est
646 4551 716 4607 opus
730 4552 813 4606 super
826 4537 956 4607 Evange-
1005 4537 1146 4593 caritatem
1162 4555 1168 4592 :
1186 4544 1213 4592 ει
1229 4537 1268 4592 illi
1283 4536 1397 4593 Galilaei
1427 4537 1516 4594 decim
1532 4544 1559 4592 et
1570 4546 1634 4593 octo
1650 4537 1810 4611 significant,

159 4621 226 4677 lium
242 4640 249 4677 ι
266 4631 348 4694 εειεο,
375 4624 404 4679 id
431 4632 472 4680 est
499 4624 528 4678 in
547 4625 649 4680 mundo
667 4642 674 4678 :
690 4625 831 4691 vomeres,
859 4624 887 4679 id
916 4632 957 4681 est
1006 4642 1089 4697 super
1103 4641 1171 4698 quos
1187 4625 1319 4682 ceciderit
1345 4626 1439 4694 turris,
1456 4626 1482 4682 id
1498 4634 1539 4682 εει
1555 4626 1667 4698 spiritus
1696 4633 1811 4691 εεεειεε,

159 4711 257 4768 caritas
274 4730 281 4766 :
298 4720 414 4783 quatuor
442 4713 536 4782 boveS,
567 4713 596 4768 id
614 4721 656 4769 est
684 4724 800 4785 quatuor
827 4715 956 4787 Evange-
1005 4715 1068 4787 quia
1084 4715 1161 4786 sylva
1174 4715 1276 4770 missus
1291 4715 1394 4771 dicitur
1408 4736 1417 4772 :
1432 4716 1536 4771 dimitte
1551 4731 1614 4771 earn
1629 4723 1656 4772 ει
1670 4716 1725 4772 boc
1735 4730 1810 4780 anno,

158 4797 228 4856 listae
245 4819 251 4855 :
267 4800 419 4874 designavit
433 4801 565 4858 Dominus
592 4802 659 4858 alios
687 4802 856 4874 septuaginta
871 4802 957 4859 disci·
1005 4801 1033 4857 id
1048 4813 1089 4858 est
1106 4804 1288 4878 Evangelium
1304 4822 1311 4858 :
1328 4804 1430 4861 iodiern
1453 4805 1527 4860 eirca
1542 4804 1628 4874 illam,
1646 4804 1675 4860 id
1689 4813 1732 4860 est
1744 4819 1811 4876 prar-

203 3645 251 3700 Vos
265 3645 330 3701 dote
343 3646 403 3702 illia
418 3647 601 3715 manducare,
618 3646 645 3701 id
659 3654 699 3702 εει
714 3625 860 3719 praedicate
875 3646 964 3719 genti-

32 4884 34 4888 ’
64 4912 67 4917 r
158 4888 247 4958 pulos,
265 4889 454 4962 sicutllloyses
469 4890 552 4962 elegit
581 4892 756 4964 septuaginta
781 4892 956 4964 presbyteros
1006 4892 1104 4959 dicem,
1118 4891 1230 4949 coffinus
1245 4894 1383 4965 stercoris,
1395 4901 1508 4965 peccata
1517 4892 1660 4961 confiteri,
1674 4892 1810 4956 intutum,

160 4975 195 5031 de
209 4977 354 5034 duodecim
381 4980 479 5049 tribus,
495 4979 523 5036 id
547 4987 588 5036 est
604 4988 632 5035 ει
648 4981 820 5054 septuaginta
847 4980 957 5054 linguas
1006 4980 1035 5037 id
1050 4982 1133 5037 estin
1148 4981 1220 5037 diem
1242 4982 1335 5051 judicii
1353 5000 1360 5036 :
1376 4982 1484 5048 mulier,
1501 4981 1585 5038 idest
1599 4982 1752 5037 humanum
1767 4995 1811 5052 ge·

160 5064 206 5135 qui
221 5063 321 5120 divisas
337 5076 416 5122 erant
429 5085 479 5139 per
494 5070 651 5140 superbiam
664 5070 693 5125 in
708 5086 791 5125 unam
818 5070 952 5144 linguam,
1006 5086 1057 5126 nus
1074 5088 1080 5125 :
1097 5070 1192 5142 spiritu
1207 5071 1380 5138 infirmitatis,
1395 5072 1424 5126 id
1438 5078 1480 5126 est
1494 5069 1548 5126 fide
1561 5079 1588 5127 ει
1602 5085 1692 5142 opera
1707 5088 1715 5125 :
1730 5083 1811 5126 annos

158 5166 210 5223 per
237 5152 412 5210 bumilitatem
439 5158 557 5213 adunare
574 5176 581 5213 :
598 5158 677 5214 binos
705 5159 834 5215 animales
849 5160 877 5213 in
891 5174 957 5216 arca
1006 5159 1096 5216 decim
1111 5167 1137 5216 et
1151 5168 1223 5229 octo,
1239 5161 1267 5216 id
1278 5168 1320 5217 est
1334 5160 1395 5216 duae
1410 5159 1497 5232 leges,
1514 5160 1571 5216 sive
1589 5158 1639 5231 qui
1653 5173 1710 5215 non
1724 5156 1812 5230 imple·

160 5248 188 5296 et
214 5241 269 5296 duo
296 5241 421 5312 discipuli
449 5246 484 5300 ad
517 5247 749 5317 praedicationem,
779 5248 919 5305 caritatem
947 5264 955 5306 :
1007 5254 1105 5305 verunt
1118 5249 1216 5305 decern
1231 5249 1318 5305 verba
1331 5248 1402 5322 legis
1415 5258 1442 5305 et
1456 5264 1511 5304 non
1533 5248 1715 5305 crediderunt
1728 5247 1811 5302 inre·

159 5330 280 5389 ostendit
308 5345 410 5386 novum
424 5341 451 5387 et
465 5342 542 5389 vetus
570 5337 797 5393 Testamentum:
814 5345 957 5410 corpuset
1007 5338 1206 5395 surrectionem
1235 5338 1298 5410 quia
1325 5345 1422 5394 octavo
1450 5338 1494 5392 die
1526 5336 1566 5405 lit,
1581 5353 1633 5408 per
1647 5344 1707 5393 tres
1720 5350 1810 5405 senos,

159 5420 259 5487 anima,
276 5419 319 5475 vir
334 5427 360 5475 ει
374 5420 480 5489 mulier,
497 5430 523 5476 et
538 5423 592 5480 duo
605 5426 741 5498 discipuli.
1006 5427 1124 5484 ostendit
1139 5426 1248 5482 infirma
1263 5427 1311 5482 fuit
1327 5434 1389 5482 ante
1404 5426 1496 5500 legem
1512 5444 1520 5481 ε
1535 5425 1675 5498 sublege,
1690 5426 1743 5480 sub
1753 5439 1812 5498 gra·

195 5511 331 5567 nitrosos
342 5510 513 5582 cautequae
523 5512 600 5568 inter
612 5515 895 5588 lupoasEgopastor,
907 5531 957 5574 vos
1006 5518 1044 5573 tia
1060 5534 1066 5572 :
1082 5517 1209 5574 inclinata
1224 5518 1257 5573 ad
1273 5525 1386 5587 terram,
1415 5517 1498 5572 idest
1513 5523 1622 5573 terrena
1651 5514 1810 5572 desideria:

160 5611 244 5669 oves;
255 5598 324 5673 lupi,
344 5598 426 5656 idest
450 5598 554 5658 Scribae
563 5608 591 5657 et
599 5601 728 5660 Pharisaei
742 5604 883 5663 Damania
895 5604 957 5662 sub
1007 5622 1118 5663 sursum
1130 5606 1280 5680 respicere,
1296 5607 1326 5664 id
1341 5614 1384 5664 est
1398 5605 1464 5679 quia
1477 5604 1601 5664 coeleada
1613 5620 1665 5678 per
1677 5604 1813 5679 preniten-
