3772 6112
54 237 107 292 sm
625 228 672 289 ne
700 229 813 291 naeus
835 228 1124 289 nemesusuers.
1610 208 1614 213 ’
1659 241 1712 296 ssa

51 358 143 417 ordini
158 356 355 430 congruentius
374 357 506 423 iuvenire,
534 372 615 430 quam
637 357 682 414 ille
699 358 745 430 qui
761 353 895 430 spirituli
912 357 1014 431 iegitur
1026 365 1052 413 et
1066 359 1199 415 loannem
1215 359 1288 431 (tet.
1317 358 1388 430 vm).
1415 357 1482 430 Quae
1502 359 1667 420 confirmatio
1691 371 1718 420 et

53 448 176 506 omnium
198 457 354 504 sanctorum
375 447 475 503 dicitur
498 446 594 518 plenus
615 446 710 503 tuisse.
734 447 856 503 Psalmos
909 455 973 503 tuuc
989 447 1023 503 ad
1038 448 1142 519 primos
1156 448 1289 505 Ecclesia>
1304 456 1431 521 pastores
1445 449 1587 522 pertinuit,
1603 459 1628 507 et
1643 469 1716 511 nunc

54 545 231 601 autem,cum
255 537 406 593 seeundum
436 537 512 591 ixx
543 537 708 608 iuterpretes
742 536 857 592 Romani
907 536 1042 608 pertinere
1056 554 1112 593 nou
1131 538 1294 593 dubitatur:
1319 539 1395 594 unde
1420 538 1448 594 in
1472 539 1621 596 canonibus
1641 558 1715 615 sape

54 628 145 684 adhuc
160 627 287 692 habeant,
303 625 374 681 Galli
390 635 415 680 et
430 624 630 681 Germanomm
646 624 728 698 aliqui
758 640 857 681 secun·
908 623 1078 681 interdicitur
1093 627 1258 700 presbyteris
1283 644 1317 683 ne
1340 627 1457 685 chrisma
1482 627 1638 698 conficiant,
1664 647 1712 687 ue·
1725 660 1743 676 ι

55 717 123 773 (ιιιιιι
145 714 366 772 emendationem
390 731 471 786 quam
504 714 684 785 Hieronymus
717 715 796 769 Pater
825 713 859 769 de

56 806 134 862 Lxx
150 804 270 861 editione
285 804 446 874 composuit,
460 802 621 858 psalterium
634 810 753 859 cantant.
771 800 859 871 Quam

55 895 217 968 Gregorius,
234 892 401 949 Turonensis
412 892 567 962 episeopus,
582 892 736 947 aPatribus
760 892 861 949 Roma-

55 984 101 1039 nis
116 990 275 1044 mutuatam,
293 982 321 1035 in
336 981 487 1037 Galliarum
502 982 601 1037 dicitur
615 981 753 1037 Ecclesias
769 988 861 1036 traus-

57 1072 164 1128 tulisse.
200 1070 350 1127 Cantilenae
382 1086 449 1125 vero
481 1070 670 1141 perfectiorem
707 1070 861 1138 seientiam,

57 1178 143 1235 quam
158 1176 228 1232 pene
240 1161 298 1228 jam
313 1166 368 1215 tota
385 1158 500 1215 Francia
514 1159 612 1230 diligit,
625 1159 780 1231 Stephanus
793 1174 865 1231 papa

18 1248 25 1263 ⁴
59 1249 175 1308 eumad
191 1249 455 1318 Pippinumpatrem
479 1247 569 1303 Caroli
595 1248 686 1320 Magni
707 1247 863 1318 (inprimis

56 1341 86 1395 in
98 1337 254 1408 Franciam)
269 1353 320 1407 pro
333 1337 438 1405 justitia
453 1336 540 1392 sancti
555 1337 628 1392 Petri
643 1351 659 1391 a
674 1336 863 1409 Langobardis

58 1428 223 1499 expetenda,
240 1426 370 1494 venisset,
386 1441 437 1495 per
451 1439 515 1480 suos
531 1424 656 1491 clericae,
674 1432 783 1497 petente
814 1439 866 1480 eo-

56 1517 121 1572 dem
151 1515 288 1586 Pippino,
314 1513 424 1581 invexit,
459 1513 577 1586 indeque
601 1531 667 1570 usus
698 1515 757 1583 ejus
779 1514 863 1586 longe

57 1605 169 1678 lateque
185 1603 333 1660 convaluit.

347 1744 460 1803 CAPUT
472 1745 572 1802 xxvi.

100 1885 137 1940 ite
152 1880 285 1956 baptismi
296 1881 472 1936 incremento
483 1884 511 1935 et
523 1879 674 1950 mersione,
691 1885 719 1938 et
733 1882 828 1938 causis

341 1969 584 2041 baptizandorum.

101 2090 141 2144 De
163 2086 299 2159 baptismo
326 2086 408 2142 etiam
432 2085 548 2141 dicenda
572 2093 634 2140 sunt
659 2084 760 2158 aliqua,
792 2086 865 2158 quod

59 2176 267 2251 praeirguratum
284 2177 311 2232 in
326 2175 440 2233 transitu
450 2174 533 2229 maris
543 2175 628 2231 Rubri
639 2175 738 2243 (Enod.
750 2176 811 2246 mv)
823 2174 866 2231 vel

59 2267 193 2323 iordanis
208 2267 274 2337 (ios.
291 2267 334 2332 ιιι)
355 2263 508 2330 manifeste,
533 2264 666 2320 seoretius
687 2273 776 2319 autem
805 2263 866 2319 aliis

61 2355 158 2412 multis
175 2354 268 2428 figuris
282 2354 488 2427 praefiguratum
502 2353 687 2426 cognoscitur.
706 2353 762 2408 iioe
785 2352 867 2408 ioan·

62 2462 116 2502 nes
132 2445 235 2517 primus
249 2444 326 2500 initio
341 2459 419 2499 novae
434 2442 531 2516 gratia
547 2441 582 2496 ad
593 2439 674 2497 tidem
690 2440 790 2497 Christi
805 2458 868 2499 oon·

62 2535 156 2593 versis
172 2533 300 2600 ostendit,
326 2548 381 2588 non
402 2547 450 2587 sua
474 2530 674 2594 adinventione,
699 2529 748 2586 sed
776 2531 867 2587 divina

64 2623 258 2682 constitutione
273 2622 423 2695 provisum,
441 2620 510 2676 sicut
529 2619 587 2691 ipse
611 2626 728 2674 testatur
751 2619 866 2703 dicens:

67 2715 122 2783 Qui
137 2715 217 2769 misit
226 2728 271 2768 me
287 2712 471 2785 baptizorein
482 2726 564 2783 aquo,
576 2708 719 2781 etreliqua
730 2709 821 2780 (loon.
834 2710 866 2781 ι).

65 2802 217 2874 Baptizavit
231 2809 321 2857 autem
337 2816 391 2856 nou
415 2799 442 2855 in
466 2798 655 2855 remissionem
678 2786 866 2881 peccalorum,

65 2891 142 2964 quod
158 2889 255 2946 Christi
271 2889 406 2961 baptismo
421 2888 466 2962 agi
481 2887 633 2954 consuevit,
658 2887 707 2942 sed
726 2886 760 2943 in*
777 2885 868 2959 poeni·

64 2980 189 3049 tentiam,
206 2979 301 3036 diceus
315 2978 342 3034 in
358 2993 421 3034 eum
436 2977 482 3050 qui
496 2984 627 3034 venturus
644 2983 703 3032 erat
717 2983 747 3032 ut
770 2975 868 3032 crede-

64 3078 140 3137 rent,
158 3071 210 3125 hoc
225 3067 307 3124 estin
323 3067 427 3124 iesum.
444 3067 485 3122 De
500 3081 553 3138 quo
574 3065 656 3120 etiam
684 3064 868 3121 testimonium
880 3084 905 3150 C
919 3094 992 3150 „one
1003 3095 1075 3168 quod

65 3157 217 3231 perhibuit,
233 3157 328 3213 dicens
345 3173 352 3213 :
368 3159 424 3230 Epo
436 3156 549 3229 quidem
568 3170 614 3210 uos
626 3154 736 3227 baptiso
750 3155 783 3210 in
797 3171 870 3227 aquo

67 3249 324 3322 inpoenitentium.
343 3247 397 3314 Qui
409 3249 506 3302 antem
523 3248 587 3317 post
601 3259 646 3301 me
661 3248 798 3300 uenturus
816 3247 867 3309 est,

65 3338 171 3410 sortior
183 3353 228 3393 me
242 3341 286 3393 ert
300 3355 309 3391 .·
325 3337 406 3404 cuius
421 3350 551 3391 nonaum
561 3333 664 3405 dignos
674 3332 870 3388 calceamento

911 724 963 782 que
979 708 1130 780 baptizatos
1146 711 1174 765 in
1188 711 1274 767 ironte
1290 712 1462 785 consignent,
1477 713 1551 784 quod
1567 713 1633 768 solis
1661 715 1713 772 de·

910 802 991 857 betur
1014 800 1159 874 episeopis.
1185 801 1330 856 Testantur
1352 801 1404 857 hoc
1430 801 1542 857 decreta
1564 803 1715 861 iunocentii

912 908 992 965 papae
1008 900 1034 949 et
1055 899 1154 947 statuta
1166 890 1299 958 Silvestri,
1324 891 1387 962 quia
1406 898 1432 945 et
1453 891 1511 961 ipse
1536 891 1651 947 instituit
1681 901 1710 949 ut
1775 936 1782 947 .

912 979 1059 1050 presbyter
1073 977 1236 1047 baptizatum
1251 975 1394 1030 chrismate
1415 975 1501 1041 liniat,
1524 985 1637 1047 propter
1658 992 1710 1033 oc·

914 1067 1052 1123 casiouem
1068 1066 1198 1121 transitus
1214 1065 1320 1120 mortis.
1338 1063 1416 1133 Quod
1442 1064 1465 1119 si
1488 1081 1503 1119 a
1527 1065 1645 1121 diacono
1669 1067 1714 1122 vel

914 1155 1053 1228 quodlibet
1068 1155 1120 1210 alio
1136 1154 1244 1209 bomine
1268 1154 1428 1225 baptizatus,
1446 1169 1511 1210 casu
1535 1162 1597 1210 ante
1619 1154 1716 1211 contir-

915 1245 1063 1300 mationem
1079 1243 1226 1309 transierit,
1243 1243 1410 1299 credendum
1419 1259 1473 1297 non
1484 1252 1525 1297 est
1533 1244 1624 1316 perire
1633 1260 1715 1317 prop·

916 1339 956 1385 ter
969 1330 1022 1386 hoc
1032 1329 1094 1401 quia
1110 1329 1160 1384 sub
1176 1326 1228 1383 fide
1244 1344 1297 1400 qua
1311 1327 1425 1383 credidit
1448 1329 1546 1400 poterit
1570 1345 1632 1384 esse
1656 1328 1715 1385 sei-

916 1435 977 1486 vus,
995 1419 1017 1473 si
1032 1435 1095 1474 eum
1113 1426 1174 1489 post
1189 1416 1335 1473 commissa
1350 1424 1462 1488 peecata
1486 1433 1540 1473 uon
1569 1418 1714 1489 perimant.
1754 1482 1755 1487 η

918 1508 991 1579 Lege
1005 1507 1112 1563 concilii
1125 1506 1284 1562 Eliberitani
1299 1506 1418 1562 decreta.
1431 1506 1483 1561 atii
1497 1507 1660 1564 addiderunt
1687 1508 1715 1565 iu

919 1596 1088 1668 baptismatis
1103 1604 1273 1653 sacramento
1288 1597 1466 1663 exorcismos,
1491 1595 1536 1650 alii
1564 1612 1714 1655 consecra·

876 1723 903 1785 Β
920 1685 1021 1742 tionem
1036 1685 1128 1752 tontis,
1140 1685 1184 1739 aiii
1199 1685 1262 1740 salis
1286 1687 1328 1740 vel
1354 1685 1445 1741 salivae
1469 1683 1642 1756 infusionem,
1669 1687 1715 1744 alii

914 1776 1172 1832 catechumenorum
1206 1774 1384 1829 ordinabilem
1416 1774 1633 1846 instructionem,
1666 1775 1712 1833 alii

914 1864 1045 1920 scrutinia
1060 1863 1268 1935 diligentissime
1284 1864 1319 1917 ad
1335 1870 1437 1918 tantum
1461 1864 1622 1935 mysterium
1636 1880 1711 1935 prae-

914 1947 1062 2019 parationis
1085 1954 1247 2002 statuerunt.
1274 1946 1328 2001 Sed
1359 1955 1386 2002 et
1418 1947 1502 2001 multa
1524 1946 1577 2002 alia
1599 1963 1660 2019 quae
1688 1956 1715 2004 et

915 2036 1051 2108 exemplis
1077 2036 1232 2091 divinorum
1260 2044 1349 2092 actum
1374 2036 1417 2092 vel
1446 2036 1580 2092 dictorum
1605 2036 1716 2094 inventa

916 2134 988 2195 sunt,
1004 2134 1030 2181 et
1046 2125 1301 2199 congruentissimis
1316 2125 1478 2196 spiritalium
1492 2124 1660 2196 perfectuum
1676 2125 1717 2180 si·

916 2213 1137 2287 gnificationibus
1150 2213 1230 2285 plena
1244 2221 1402 2284 noscuntur,
1420 2213 1490 2269 sieut
1504 2214 1615 2284 copiosa
1641 2214 1714 2284 prio·

917 2319 978 2358 rum
993 2302 1028 2359 de
1042 2302 1145 2359 eisdem
1160 2303 1240 2357 rebus
1255 2303 1418 2357 documenta
1427 2302 1624 2358 demonstrant.
1638 2303 1716 2358 Cele-

917 2391 1011 2447 bratur
1026 2401 1115 2446 autem
1127 2392 1215 2462 ipsum
1231 2392 1365 2463 baptisma
1380 2408 1485 2456 verum,
1501 2391 1619 2446 nonnisi
1634 2392 1715 2447 inno·

916 2481 989 2536 mine
1004 2497 1116 2536 summae
1131 2481 1279 2548 Trinitatis,
1297 2480 1368 2552 quod
1384 2489 1411 2537 et
1430 2480 1561 2535 Dominus
1584 2480 1643 2552 ipse
1671 2496 1716 2537 os·

917 2570 1011 2637 tendit,
1028 2578 1054 2626 et
1068 2586 1187 2626 canones
1202 2569 1386 2641 apostolomm
1410 2569 1519 2625 docent.
1543 2569 1622 2625 Unde
1651 2569 1715 2642 qui-

919 2669 1027 2727 cunque
1041 2654 1085 2710 vel
1100 2655 1135 2708 ab
1151 2654 1286 2710 haereticis
1302 2654 1329 2707 in
1352 2653 1483 2709 Trinitate
1505 2652 1713 2725 baptizantibus,

918 2743 962 2800 vel
977 2743 1011 2798 ab
1027 2743 1080 2799 alio
1104 2742 1225 2815 quolibet
1249 2743 1359 2798 homine
1384 2741 1434 2797 sub
1458 2741 1621 2813 apellatione
1640 2742 1714 2816 legi·

918 2830 982 2887 tima
997 2832 1120 2902 ejusdem
1135 2841 1236 2888 sanctae
1250 2831 1387 2888 Trinitatis
1398 2830 1479 2887 tuerit
1497 2831 1658 2903 baptizatus,
1670 2847 1714 2887 re·

919 2916 1049 2988 baptizari
1063 2933 1118 2972 non
1133 2917 1225 2986 debet,
1240 2933 1275 2972 ne
1296 2916 1432 2972 invocatio
1447 2931 1560 2971 summae
1575 2916 1717 2986 dignitatis

919 3006 1054 3060 annullari
1068 3005 1190 3061 videatur
1205 3026 1215 3072 ,·
1230 3005 1279 3061 sed
1294 3004 1440 3062 chrismate
1450 3012 1476 3061 et
1490 3021 1588 3060 manus
1602 3005 1718 3077 imposi-

1090 3092 1278 3165 imperiectum
1298 3101 1357 3149 erat
1379 3092 1473 3164 pertici
1495 3093 1586 3150 debet.
1607 3095 1664 3150 iioo
1689 3093 1718 3151 in

920 3183 1069 3241 canonibus
1084 3191 1111 3239 et
1126 3183 1244 3239 decretis
1258 3183 1367 3238 Patrum
1381 3181 1510 3256 frequens
1525 3182 1650 3239 habetur.
1663 3185 1716 3239 Le·

920 3273 994 3344 gitur
1008 3288 1115 3345 quoque
1130 3275 1158 3327 in
1173 3272 1267 3328 ultimo
1282 3271 1476 3329 ecclesiastice
1492 3271 1619 3328 Historia
1646 3271 1717 3328 libro

919 3361 992 3433 quod
1004 3361 1166 3416 athanasius
1181 3363 1268 3417 adhue
1283 3377 1352 3433 puer
1363 3360 1434 3416 inter
1448 3376 1556 3417 eoaevos
1570 3361 1719 3433 baptisma-
1777 3394 1783 3401 -

64 3431 192 3529 13⁰le
208 3425 271 3499 1'1²⁸3
289 3440 335 3481 ²²⁰⁸
352 3422 506 3522 ballum
534 3424 565 3477 Ψ
589 3421 709 3520 δΡίῙίῑα,
722 3423 820 3477 ⁸⁰⁷¹⁶²⁰
841 3424 871 3478 θ’
918 3451 953 3505 tis
963 3450 1166 3506 similitudinem
1180 3466 1230 3521 per
1244 3450 1337 3505 ludum
1353 3450 1516 3507 exercuerit.
1533 3451 1719 3506 Alexandrum

68 3531 136 3615 ⁸9²²?
144 3513 318 3614 (mallul-
335 3513 368 3569 El
382 3512 463 3583 Plane
478 3511 590 3584 dlgnum
602 3517 654 3566 em
663 3517 692 3564 ¹¹⁸
702 3526 730 3565 ¹¹¹
739 3524 811 3566 ΠΜ
820 3525 869 3581 ge*
920 3540 1001 3595 etiarn
1015 3538 1188 3594 Alexandriae
1200 3538 1355 3610 praesulem,
1365 3538 1477 3611 cognita
1501 3539 1716 3612 interrogatione

67 3603 266 3661 ”emmam
280 3617 331 3674 1³0¹
347 3601 494 3657 advenum
509 3599 569 3654 qu
584 3598 868 3698 9⁸¹J¹¹⁰³m⁹⁵f²lva'
918 3627 1044 3701 baptistae
1064 3636 1092 3683 et
1114 3626 1293 3698 responsione
1323 3627 1533 3698 baptizatorum,
1556 3635 1583 3682 et
1612 3627 1718 3684 ceteris

68 3694 154 3759 tione,
179 3707 280 3750 novum
294 3686 664 3763 pandereturpunficatronrs
684 3697 867 3759 mysterium:
920 3735 981 3790 φῶ
996 3717 1119 3790 quamvis
1132 3732 1183 3788 p„
1196 3716 1299 3784 ludum,
1324 3723 1415 3771 ,amen
1430 3716 1509 3786 jux„
1530 3722 1651 3771 ,mmm
1670 3731 1718 3774 m,

70 3790 206 3857 quatenus
230 3779 300 3836 sicut
325 3779 483 3836 sacerdotes
509 3776 619 3833 Levitici
636 3776 755 3877 ⁸generis
770 3775 869 3875 'lavari
918 3806 1048 3881 ,igionem
1069 3814 1148 3880 ges„
1165 3815 1236 3873 sun„
1263 3820 1317 3861 non
1342 3804 1550 3876 ,ebaptimndos
1567 3804 1717 3874 judicasse,

70 3876 271 3929 ⁰⁰¹¹⁵¹¹0V⁰ffl⁰²
285 3875 348 3924 ame
362 3867 527 3933 ⁰b¹³¹¹⁰¹¹0m
539 3866 690 3922 ⁰³r¹¹⁶¹¹¹¹¹¹¹
706 3867 866 3932 h⁰⁵²¹⁸r¹¹mt
918 3896 967 3952 sed
982 3895 1086 3952 usitatis
1100 3895 1232 3953 Ecclesia
1252 3894 1451 3951 confirmandos
1474 3893 1621 3966 mysteriis.
1641 3895 1716 3951 Con·

69 3959 105 4018 ita
117 3976 213 4017 ⁰¹¹¹¹¹⁶⁵
228 3956 374 4061 Christiani
388 3956 507 4011 ¹¹⁰mi¹¹i⁵
530 3955 665 4025 haeredes’
682 3955 731 4054 qni,
742 3954 869 4055 ‘limum'
918 3986 980 4043 cilio
999 4002 1106 4058 qnoque
1125 3985 1292 4042 Eliberitauo
1315 3983 1441 4040 fidelibus
1455 3984 1567 4056 plenum
1581 3983 1714 4056 baptisma

70 4050 166 4122 ’ΨΜ
180 4047 369 4106 δαοθνάοὴαω
383 4047 491 4117 mm·
509 4046 550 4117 ιη’
566 4045 676 4101 lavam
692 4043 823 4116 ⁵p¹r¹²¹¹³l¹
852 4059 870 4100 ⁸
922 4075 1085 4131 habentibus
1124 4075 1152 4129 in
1181 4074 1343 4131 necessitate
1371 4074 1509 4146 baptizare
1544 4073 1715 4146 permittitur.

69 4145 247 4212 peccatorum
260 4136 322 4191 labe
337 4134 469 4202 mundati,
479 4133 596 4190 offerant
606 4136 664 4190 Deo
673 4133 777 4190 hostias
787 4132 868 4206 spiri·

70 4227 141 4284 tales
156 4227 183 4282 in
198 4226 309 4282 odorem
325 4224 475 4281 suavitatis.
499 4224 647 4280 Sciendum
662 4232 763 4289 autem,
779 4223 868 4295 primo

71 4316 233 4389 simpliciter
246 4316 274 4370 in
288 4314 376 4371 tiuviis
391 4313 435 4370 vel
450 4312 570 4370 lontibus
585 4313 734 4385 baptizatos
749 4311 868 4369 creden·

72 4416 124 4463 tes.
140 4407 203 4479 lpse
217 4405 289 4462 enim
304 4403 437 4461 Dominus
447 4412 541 4460 noster
553 4404 633 4459 iesus
648 4402 781 4472 Christus,
797 4401 869 4458 utin

72 4494 153 4552 nobis
167 4495 241 4552 idern
254 4503 427 4552 consecraret
441 4492 590 4561 lavacrum,
607 4493 635 4547 in
649 4491 767 4547 iordane
783 4491 866 4563 bapti·

72 4591 148 4641 zatus
162 4591 203 4641 est
216 4600 233 4640 a
245 4584 370 4649 ioanne;
387 4589 413 4638 et
427 4583 497 4640 sicut
511 4581 684 4656 aiibilegitur
696 4597 702 4637 :
715 4582 780 4636 Erat
788 4582 871 4636 Josn·

71 4690 123 4730 nes
131 4673 271 4745 baptizans
287 4673 315 4727 in
329 4672 417 4728 AEnon
428 4672 504 4742 juxta
520 4670 613 4741 Sabus,
630 4669 695 4743 quia
709 4686 787 4742 aquae
801 4669 871 4725 mui-

72 4772 106 4821 tae
116 4770 194 4820 erant
204 4762 240 4817 ibi
255 4762 347 4833 (loon.
359 4761 412 4832 ιιι).
429 4762 464 4816 Et
471 4760 609 4832 Philippus
624 4758 793 4833 evangelista
821 4776 871 4815 eu-

72 4852 192 4910 nuchum
207 4849 352 4924 baptizavit
363 4850 391 4905 in
405 4849 480 4906 tonte
491 4865 571 4921 quem
581 4848 681 4922 reperit
689 4848 716 4904 in
726 4849 778 4905 via.
797 4848 870 4919 (Aet.

73 4942 145 5013 vau).
163 4940 340 4997 Sicuteutem
351 4955 433 5012 supra
446 4939 626 5007 ostendimus,
642 4946 785 4996 crescente
803 4953 871 5011 pro-

72 5046 153 5088 cessu
168 5037 329 5101 temporum,
346 5028 485 5102 religionis
499 5028 602 5085 bonore
618 5026 815 5085 institutionum
827 5042 872 5085 ec·

73 5117 291 5177 clesiasticarurn
313 5135 399 5190 usque
424 5119 460 5175 ad
491 5117 688 5191 plenitudinem
706 5118 791 5174 decus
813 5133 873 5174 cre-

71 5207 165 5266 visse:
181 5207 253 5264 itaet
263 5208 343 5279 hujus
357 5207 464 5279 mystici
473 5207 585 5273 lavacri,
598 5206 732 5280 gradatim
742 5223 792 5280 per
800 5215 872 5263 tem-

72 5312 171 5370 porum
186 5304 344 5370 augmenta,
361 5297 388 5351 in
404 5297 490 5366 majus
504 5295 653 5353 celebratio
676 5295 771 5352 crevit.
788 5296 873 5351 hddi·

71 5386 172 5443 derunt
195 5385 241 5441 alii
260 5385 413 5441 chrismatis
434 5385 599 5449 unctionem,
627 5401 708 5457 quam
728 5401 761 5440 ex
788 5385 873 5441 veteri

71 5482 208 5546 sumptam
222 5474 420 5531 consuetudine
429 5490 511 5530 nemo
525 5474 571 5546 qui
585 5474 699 5541 dubitet,
726 5489 787 5530 cum
812 5473 872 5544 pri·

917 4165 1010 4221 Victor
1033 4165 1124 4235 etiam,
1150 4164 1258 4238 quintus
1280 4164 1403 4220 decimus
1425 4165 1609 4221 itomanorum
1632 4163 1718 4234 ponti·

915 4272 971 4336 fex,
997 4265 1134 4321 constituit
1157 4273 1195 4332 ut,
1228 4264 1391 4321 necessitate
1415 4264 1541 4334 iaciente,
1568 4263 1648 4320 hceat
1671 4261 1718 4318 ubi

918 4372 1056 4430 inventum
1070 4363 1175 4433 inisset,
1192 4364 1249 4420 sive
1265 4363 1291 4418 in
1305 4363 1425 4431 iiumiue,
1442 4362 1499 4419 sive
1515 4363 1634 4429 inmari,
1655 4361 1713 4418 sive

885 4453 1088 4532 Diniontibus,
1105 4461 1259 4519 christianae
1277 4461 1445 4518 credulitatis
1466 4459 1638 4518 confessione
1658 4461 1717 4518 cla-

921 4561 1034 4629 rificata,
1051 4561 1205 4634 quicunque
1220 4577 1254 4618 ex
1273 4560 1425 4634 gentilitate
1448 4559 1574 4629 veniens,
1592 4559 1716 4632 baptiza·

921 4668 1006 4716 retur.
1022 4661 1114 4715 inhoe
1128 4666 1218 4714 tarum
1233 4667 1261 4714 et
1283 4656 1418 4713 similibus
1440 4672 1496 4713 non
1506 4656 1631 4713 tribuitur
1655 4656 1715 4730 qui-

921 4759 1079 4832 buscunque
1096 4756 1248 4829 baptizandi
1262 4755 1407 4812 indiscreta
1423 4754 1541 4824 licentia,
1561 4770 1623 4812 cum
1652 4771 1719 4812 cou-

921 4857 983 4914 ciiio
998 4855 1204 4930 Carthaginensi
1218 4853 1348 4911 mulieres
1358 4854 1553 4925 prohibeantur
1562 4853 1719 4926 baptizare:

922 4957 970 5014 sed
986 4957 1185 5014 demonstratur
1199 4970 1247 5027 per
1260 4955 1319 5010 haec
1335 4953 1380 5009 ubi
1394 4952 1559 5010 inevitabilis
1569 4941 1721 5010 uecessita⁸

921 5056 1019 5129 poscit,
1033 5055 1131 5110 meiius
1146 5052 1274 5125 baptizari
1287 5052 1440 5125 ubieunque
1464 5058 1491 5107 et
1514 5067 1531 5107 a
1551 5066 1715 5125 quoeunque

921 5157 949 5212 in
963 5153 1072 5212 nomine
1082 5152 1221 5209 Trinitatis
1237 5165 1319 5223 quam
1334 5149 1532 5222 periclitantem
1555 5150 1615 5207 sine
1630 5165 1721 5207 reme·

922 5254 967 5309 dio
981 5252 1116 5325 deperire.
1127 5250 1205 5309 Unde
1225 5249 1307 5307 etiam
1329 5257 1450 5321 tempora
1474 5248 1628 5322 baptizandi
1651 5248 1721 5322 legi-

920 5352 985 5408 tima
1001 5352 1029 5406 in
1042 5350 1140 5406 talibus
1150 5348 1358 5405 necessitatibus
1374 5348 1542 5406 observanda
1565 5363 1620 5403 non
1646 5353 1718 5412 suat,

921 5450 970 5508 sed
982 5451 1058 5521 juxta
1072 5449 1184 5505 decreta
1198 5447 1297 5504 Leonis
1318 5448 1491 5522 egritudine,
1513 5441 1715 5518 persecutione,

68 5565 122 5621 mis
146 5563 317 5637 temporibus
350 5563 523 5637 impositione
551 5579 679 5620 manuum
709 5562 872 5636 bapqsmum
922 5548 1063 5604 obsidione
1086 5555 1112 5602 et
1132 5545 1274 5619 naufragio
1302 5545 1525 5618 periclitantibus,
1545 5555 1653 5612 semper
1678 5548 1722 5597 est

25 5683 52 5715 κ
72 5652 230 5713 confirmari
243 5653 351 5721 soleret,
367 5653 441 5729 quod
455 5654 483 5712 in
497 5652 622 5712 Samaria
636 5652 735 5712 iecisse
763 5653 874 5712 Petrum
921 5646 1157 5709 succurrendum:
1180 5653 1208 5703 et
1229 5644 1344 5708 concilio
1363 5639 1535 5703 Gerundensi
1562 5637 1643 5698 unius
1663 5637 1717 5696 diei
