3772 6112
109 268 179 324 {078

693 270 741 326 DE
759 269 956 328 VlSlONlliUS
971 271 1136 330 Wlll'llNl.

1692 274 1762 334 rott

112 391 237 464 Denique
254 360 328 464 quod
343 391 438 463 paucis
453 392 541 448 risum
554 394 738 465 percurrimus
753 395 823 466 odis,
927 397 1025 458 ANon
1039 396 1173 453 scelerum
1188 397 1291 454 ultores
1306 399 1423 468 Sumam
1439 400 1488 456 aed
1507 400 1640 457 habentur

109 483 180 537 Ante
194 496 245 537 nec
261 481 364 536 audivit
379 482 425 554 qui
440 498 512 539 nune
526 491 658 539 renovata
671 485 786 552 revexit,

110 571 145 626 lit
161 569 236 625 uelut
251 570 287 625 ad
302 586 419 642 superos
432 570 486 627 imo
501 571 609 628 devexit
624 573 733 644 abysso.

109 659 211 716 Annuit
225 659 276 714 iste
291 658 370 716 loeus
384 660 497 715 multum
514 661 557 733 pia
571 668 634 717 vota
648 662 751 719 mereri
765 681 771 718 :

109 748 208 804 Fidere
222 749 271 804 sed
286 749 342 805 noli
356 757 419 821 post
434 749 494 805 vitae
508 758 633 822 tempora
648 750 718 807 solvi

108 835 229 893 Alterius
243 854 295 910 per
308 839 394 894 rerba
408 838 484 896 iocos
499 855 569 912 quos
583 839 688 914 colligit
701 840 760 912 ipse

109 926 224 983 Actibus
238 943 272 982 ex
286 928 398 999 pravis;
414 929 478 985 licet
494 929 656 985 intercessio
672 937 772 1004 purget

109 1014 231 1071 Crimina
245 1017 401 1088 multorum,
420 1026 510 1074 tamen
525 1019 577 1075 lrae
592 1035 708 1075 securus
723 1018 820 1074 haberi

110 1104 199 1160 Nemo
213 1114 312 1177 potest,
330 1108 392 1179 quia
407 1123 460 1179 quo
475 1109 562 1164 nescit
577 1124 628 1164 sua
640 1109 763 1180 pondere
778 1108 852 1164 taeta

111 1192 265 1250 Pensentur
281 1215 288 1263 ;
306 1205 472 1269 quapropter
485 1212 538 1270 ego
552 1212 615 1253 esse
630 1196 696 1252 mihi
710 1197 775 1252 utile
789 1196 851 1253 dieo

111 1280 191 1351 Quod
205 1285 279 1357 gessi
293 1301 411 1358 purgare
424 1286 511 1357 prius,
533 1301 583 1341 sua
603 1302 738 1358 quemque
752 1296 910 1359 aequentur.

117 1374 329 1445 oontemplatur
343 1374 408 1430 item
423 1376 569 1448 quemdam
580 1408 600 1442 .,
619 1375 752 1431 lustrante
765 1376 871 1447 pupilla

117 1463 250 1536 >isonia
265 1464 403 1536 quondam
417 1464 464 1536 qui
477 1480 565 1536 regna
579 1464 688 1520 tenebat
703 1472 730 1520 et
744 1464 806 1521 alta

118 1568 253 1627 „emanat
281 1553 381 1627 gentis,
397 1552 451 1609 tixo
461 1553 611 1610 consistere
627 1570 735 1627 gressu,

111 1665 140 1713 0
148 1643 338 1715 ppositumque
352 1643 452 1698 animal
466 1643 590 1699 lacerare
603 1642 692 1698 virilia
705 1641 810 1711 stantis,

964 485 1074 540 lllorum
1088 487 1199 558 quidam
1213 488 1305 542 multis
1320 488 1480 561 stringendo
1495 489 1606 561 periclis

964 573 1090 630 alliciunt
1104 577 1239 647 homines,
1252 577 1341 646 justus
1356 577 1488 634 damnare
1503 593 1620 651 reosque

963 662 1115 720 iustificare
1126 665 1210 732 viros,
1222 673 1379 738 contempta
1391 665 1464 740 lege,
1480 667 1599 724 solentes
1611 685 1619 722 ε

964 753 1081 808 Furihua
1095 754 1193 809 adnexi
1208 754 1346 828 ritumque
1360 772 1411 827 per
1425 771 1505 812 omne
1521 755 1630 813 sodales
1647 777 1654 824 ;
1748 812 1752 819 ,

963 842 1122 898 Muneribus
1136 844 1218 915 eapti,
1235 844 1279 917 qui
1295 860 1346 915 pro
1360 846 1489 901 mercede
1504 845 1594 900 sutura

963 931 1008 986 Nil
1022 930 1132 999 iaciunt,
1148 933 1197 988 sed
1212 949 1273 990 eum
1287 934 1413 1007 quaedm
1427 935 1478 989 suh
1491 934 1554 1008 lege
1566 943 1693 994 coercent

963 1020 1061 1076 Debita
1074 1021 1194 1091 justitiae,
1211 1021 1313 1078 suriunt
1326 1024 1427 1095 pietate
1443 1032 1576 1081 carentes.

963 1110 1053 1166 Ardor
1068 1111 1190 1167 avaritiae
1204 1113 1293 1168 nescit
1307 1113 1464 1170 concedere
1480 1113 1640 1186 quidquam,

964 1198 1018 1254 Sed
1034 1206 1118 1254 totum
1133 1208 1277 1274 extorquet
1291 1210 1431 1274 totumque
1445 1202 1479 1258 ad
1494 1211 1592 1258 tartara
1605 1202 1694 1270 mittit,

963 1289 1144 1344 Accumulans
1159 1290 1229 1345 iram
1244 1307 1305 1347 eum
1320 1291 1424 1346 venerit
1438 1293 1507 1347 hora
1519 1291 1627 1348 furoris.

963 1377 1100 1433 iustitiam
1116 1395 1253 1452 nunquam
1268 1381 1351 1436 ritum
1366 1382 1512 1454 quaerendo
1527 1381 1636 1436 beatam

962 1467 1134 1538 lmpendunt,
1151 1477 1177 1523 et
1191 1485 1271 1542 quam
1286 1470 1369 1542 gratis
1384 1470 1506 1541 praebere
1521 1470 1655 1536 videntur,

965 1556 1094 1612 venalem
1109 1566 1218 1629 portant
1233 1558 1351 1613 animam
1365 1574 1416 1631 pro
1432 1559 1551 1632 pignore
1565 1559 1672 1614 dantes.

961 1645 1067 1701 iudicio
1083 1648 1215 1718 quosdam
1226 1648 1281 1717 jam
1297 1664 1369 1705 nune
1384 1649 1565 1705 succumbere
1580 1647 1657 1718 dixit,

120 1740 254 1804 q-aetaquc
264 1732 456 1804 perreliquum
467 1747 568 1803 eorpus
582 1731 626 1787 lue
636 1732 760 1787 membra
768 1731 910 1798 carebant,
924 1761 951 1821 B
965 1735 1077 1791 Dixerat
1092 1745 1120 1790 ut
1136 1737 1268 1793 Dominus
1283 1738 1317 1793 de
1330 1753 1386 1793 non
1399 1737 1575 1793 credentibus
1589 1736 1655 1793 olim
1671 1754 1678 1791 ε

120 1822 235 1894 <iderat
250 1824 319 1887 haee,
334 1836 491 1894 magnoque
516 1829 629 1892 stupens
645 1828 750 1877 terrore
765 1820 890 1892 protatur
908 1837 915 1876 :
964 1824 1099 1882 iudicium
1115 1827 1231 1897 sumpsit
1245 1826 1398 1899 quicunqne
1413 1826 1569 1883 incredulus
1585 1832 1682 1884 exstat.

120 1912 252 1988 U,ortibus
268 1911 312 1966 bic
327 1910 466 1965 hominum
480 1910 546 1965 dum
556 1910 640 1965 uitam
650 1910 678 1964 in
692 1925 810 1982 corpora
817 1910 913 1982 gessit,

120 2002 248 2074 „ustitiae
262 2000 379 2055 nutritor
393 2007 453 2054 erat
468 1998 604 2071 saecloque
619 1998 761 2065 moderno,

120 2092 236 2162 3arima
250 2105 299 2161 pro
314 2088 431 2144 Domino
447 2087 509 2144 lecit
523 2087 686 2144 documenta
701 2087 805 2160 vigere,

121 2180 303 2251 „retexitque
318 2177 362 2249 pio
378 2192 485 2232 sueram
500 2177 632 2232 tutamine
646 2176 755 2248 plebem
771 2195 779 2242 ς

120 2278 159 2341 [ηῑ
172 2269 275 2326 velutin
289 2267 390 2322 mundo
405 2265 519 2338 sumpsit
534 2265 654 2338 speciale
668 2281 810 2332 cacumen,

119 2368 207 2434 „ecta
221 2357 317 2415 volens
332 2355 457 2427 dulcique
474 2354 570 2411 volans
584 2370 635 2426 per
648 2370 733 2426 regna
747 2354 848 2409 lavore.

119 2458 174 2524 >st
187 2449 231 2504 bic
244 2462 326 2519 quam
342 2460 415 2501 sceva
430 2444 481 2499 sub
500 2444 655 2500 conditione
670 2451 786 2513 tenetur,

121 2556 194 2613 ,qam
209 2536 334 2609 tristique
349 2542 439 2589 notam
454 2540 587 2588 sustentat
601 2541 677 2604 peste
693 2548 826 2599 severam,

120 2644 189 2699 0ro‚
206 2625 289 2682 refer.
306 2624 376 2680 'l'nm
390 2623 506 2678 ductor:
522 2623 552 2676 ln
567 2620 609 2675 his
624 2621 797 2687 ementibus,
813 2619 910 2692 inquit,

119 2724 216 2789 „estat
233 2714 269 2771 ob
284 2715 337 2769 boe
351 2711 461 2784 quando
474 2710 545 2766 bona
559 2708 627 2765 taeta
642 2709 753 2765 libidine
768 2708 841 2780 turpi

112 2804 244 2875 Foedarit,
261 2809 335 2857 ratus
350 2799 494 2855 illecebras
509 2799 559 2853 sub
570 2798 642 2854 mole
658 2799 792 2854 bonorum

111 2894 231 2961 Assumi,
246 2901 271 2948 et
286 2891 369 2946 vitam
383 2888 467 2945 voluit
481 2887 560 2943 finire
575 2888 661 2943 suetis

112 2983 259 3045 Sordibus;
276 2980 334 3052 ipse
349 2987 441 3033 tamen
456 2977 539 3032 vitam
557 2976 677 3048 captabit
691 2975 819 3047 opimam,

112 3071 280 3143 Dispositum
295 3085 311 3124 a
324 3067 441 3123 Domino
455 3066 579 3138 gaudens
592 3065 701 3120 invadet
715 3066 857 3131 honorem,

112 3162 247 3217 Admonet
261 3157 305 3213 hie
321 3155 459 3212 bominem
473 3154 518 3226 qui
533 3153 624 3226 dignis
639 3152 760 3208 moribus
774 3153 855 3208 horas

112 3252 169 3307 llas
184 3263 294 3304 servare
308 3245 390 3316 eupit,
407 3259 441 3299 nc
454 3243 571 3315 quodam
586 3241 698 3298 erimine
713 3250 811 3298 cuneta

111 3340 218 3405 Perdat,
234 3345 259 3392 et
274 3351 356 3392 omne
370 3339 487 3405 probum
501 3330 594 3386 tundat
608 3337 731 3386 vastante
748 3329 826 3384 ruina
843 3347 851 3384 t

112 3429 185 3484 Talis
199 3441 284 3499 aquas
299 3423 388 3478 haurit
402 3430 512 3494 pertuso
527 3436 593 3475 vase
614 3426 767 3489 receptans,

113 3516 248 3589 Quodque
262 3514 309 3569 diu
325 3511 436 3567 immisit
451 3509 577 3565 sorbente
593 3506 727 3564 toramine
740 3506 847 3578 linquit.

113 3608 161 3662 Est
171 3605 250 3661 labor
260 3603 311 3659 iste
321 3600 424 3676 gravis,
432 3598 520 3654 malus
530 3606 612 3670 atque
624 3597 803 3662 miserrimus,
813 3612 847 3651 ex
857 3610 912 3667 quo

114 3696 229 3767 Semper
238 3693 319 3747 babet
327 3691 467 3758 damnum,
479 3702 617 3758 nunqnam
627 3685 763 3742 mercedis
770 3686 911 3752 honorem,

115 3783 248 3840 Omnibus
262 3781 291 3836 in
306 3780 387 3836 rebus
403 3777 485 3833 vitam
500 3776 657 3832 moderetur
671 3774 698 3829 in
712 3774 796 3841 arvis,

115 3870 166 3941 Qui
180 3870 253 3942 eupit
268 3869 295 3924 in
311 3867 390 3924 coelis
405 3881 521 3939 regnum
535 3863 652 3919 retinere
667 3878 796 3934 perenne.

113 3961 170 4016 lllie
185 3956 339 4032 magnificis
355 3954 498 4027 conspexit
513 3968 627 4008 munera
642 3951 750 4023 pompis

112 4048 249 4106 Daemonis
264 4047 291 4102 in
302 4045 439 4110 manibus,
454 4043 511 4113 jam
526 4041 718 4114 praesentanda
733 4039 827 4113 parari

114 4138 205 4204 Pallia,
221 4145 247 4192 et
261 4134 377 4191 invasis
393 4132 452 4188 auri
467 4131 629 4204 argentique
643 4129 794 4196 metallum,

114 4229 149 4283 lit
163 4226 210 4281 lini
225 4223 387 4301 obsequitur
401 4220 546 4278 candentia
561 4217 604 4274 bla
624 4218 754 4284 caballus,

113 4316 248 4371 Plurimus
263 4315 335 4368 hunc
350 4319 429 4367 ornat
444 4308 550 4381 speeies
561 4307 690 4379 fulgentia
704 4307 826 4363 habenae.

114 4406 180 4461 Tum
196 4410 276 4477 rogat
289 4404 348 4458 baee
363 4401 440 4470 eujus
454 4398 593 4454 hominum
608 4397 642 4452 de
655 4405 734 4468 parte
749 4395 881 4460 venirent,

115 4493 241 4565 Quidque
256 4491 412 4565 figurarent.
430 4487 487 4543 Tali
502 4502 629 4542 sermone
644 4485 769 4557 rependit

114 4582 236 4654 Angelus
252 4599 259 4636 ι
276 4581 339 4636 llaec
354 4576 482 4634 comitum
498 4585 618 4647 suntper
632 4574 744 4630 diversa
758 4581 914 4629 manentum

114 4673 208 4743 Regna
224 4670 284 4739 soli,
301 4668 399 4738 injuste
414 4665 514 4740 legalia
525 4665 587 4735 jura
602 4671 756 4737 regentum,

115 4761 255 4830 Quatenus
267 4759 321 4813 hue
336 4755 410 4812 ducti
424 4754 569 4826 inspiciant
582 4753 655 4826 quod
669 4759 766 4808 cuncta
781 4751 883 4824 rapinis

115 4849 258 4920 Collegere
273 4847 408 4916 avidoque
422 4844 542 4899 minores
569 4857 617 4898 ore
631 4841 771 4896 rorabant.

115 4938 234 4994 Nomina
248 4934 427 5008 quorumdam
441 4929 584 4987 manifeste
599 4929 709 5002 protulit
725 4945 758 4984 ex
772 4927 825 4998 his,

115 5027 187 5082 Dixit
202 5034 229 5081 et
244 5025 302 5080 baee
318 5037 457 5094 nunquam
473 5019 544 5075 finiri
559 5020 642 5085 dona,
660 5018 818 5090 priusquam

963 1915 1025 1969 lam
1041 1914 1106 1969 satis
1122 1923 1161 1970 est
1177 1915 1278 1971 dictum
1296 1931 1303 1970 t
1319 1915 1383 1971 lelix
1398 1915 1444 1988 qui
1459 1915 1542 1971 eorde
1557 1921 1689 1981 reservat,

963 2002 1005 2057 Ne
1020 2003 1055 2058 sit
1065 2018 1142 2058 amor
1156 2004 1260 2059 nummi
1273 2004 1362 2073 major
1376 2019 1458 2076 quam
1473 2003 1578 2059 mansio
1594 2003 1666 2060 eoeli.

965 2091 1068 2147 Grandi
1083 2093 1251 2148 abundantes
1267 2093 1356 2149 subito
1370 2093 1547 2165 comprendet
1562 2101 1681 2164 egestas.

964 2178 987 2236 Ο
1003 2180 1126 2246 comites,
1143 2183 1218 2250 euJus
1232 2182 1346 2237 comites
1359 2181 1521 2254 perpendite
1536 2181 1595 2237 aitis
1611 2180 1617 2238 i

963 2269 1085 2324 Christus
1100 2269 1137 2324 ait
1153 2269 1330 2338 :Quicunque
1344 2271 1439 2342 polum
1454 2269 1639 2327 conscendere
1654 2269 1750 2345 quaerit

962 2357 1049 2413 Debet
1063 2359 1091 2413 in
1104 2366 1220 2432 angusto
1235 2375 1361 2430 gressum
1387 2359 1525 2431 contigere
1539 2359 1618 2416 ealle.

963 2447 1063 2503 Seruus
1078 2447 1142 2502 item
1155 2447 1252 2503 mortis
1266 2448 1381 2522 uestigia
1393 2449 1451 2503 lata
1464 2448 1605 2521 sequendo

962 2535 1057 2608 Vergit
1071 2536 1098 2591 in
1112 2545 1244 2592 aeternum
1259 2537 1368 2593 miseria
1381 2537 1533 2609 ploratibus
1546 2536 1652 2611 ignem.

961 2623 1059 2680 Omnia
1074 2625 1223 2695 mittantur,
1240 2642 1313 2683 nune
1326 2626 1417 2681 tristes
1431 2627 1491 2682 tnta
1506 2626 1645 2695 tenebunt,

961 2712 1036 2781 Quos
1049 2715 1169 2785 gaudere
1184 2714 1258 2781 libet,
1275 2716 1365 2771 tristes
1380 2716 1526 2771 tundentur
1539 2715 1568 2770 in
1582 2714 1705 2770 umbras.

960 2801 1039 2870 Quod
1052 2804 1142 2874 placet
1156 2804 1313 2875 ingredere,
1329 2813 1370 2860 est
1383 2804 1480 2860 melius
1495 2811 1559 2861 tune
1577 2803 1638 2860 laeta
1650 2812 1741 2860 tenere

959 2951 1129 3007 Sanctorum
1138 2964 1235 3021 precer
1249 2965 1301 3021 pre
1309 2948 1577 3018 fidelibreel'ist'ones
1589 2951 1756 3006 tunctorum

993 3038 1202 3109 defunctorum.
1212 3039 1250 3093 De
1260 3041 1420 3110 martyrum
1426 3041 1456 3093 et
1464 3039 1607 3109 virginum
1618 3037 1690 3093 aede.
1702 3037 1760 3092 Art·

920 3121 945 3185 C
991 3128 1048 3199 peti
1071 3126 1205 3182 oretiocd
1224 3127 1388 3183 Wettinum·
1404 3127 1553 3199 lterponate
1573 3126 1696 3184 Wettini.
1714 3126 1755 3184 De

996 3216 1097 3287 enqelo
1111 3213 1234 3272 custode.
1252 3215 1396 3272 Recedite
1411 3216 1529 3272 uitiosis.

961 3330 1033 3385 Vidit
1047 3338 1073 3385 et
1084 3330 1239 3385 innumeras
1255 3330 1365 3386 diverso
1380 3338 1452 3386 sorte
1464 3329 1616 3403 phalanges

961 3419 1001 3474 De
1015 3419 1165 3486 monachis,
1182 3419 1367 3490 gradibusque
1381 3419 1450 3489 aliis,
1467 3418 1615 3490 populique
1630 3425 1733 3487 senatu,

961 3508 1002 3563 De
1016 3506 1154 3578 uariisque
1168 3505 1236 3561 loeis
1250 3504 1333 3579 longe
1348 3507 1500 3578 patriisque
1515 3508 1627 3563 remotis
1643 3525 1650 3562 :

962 3597 1018 3652 llos
1032 3596 1153 3669 gaudere
1169 3595 1277 3664 hilares,
1293 3595 1355 3650 illos
1368 3593 1495 3651 frondere
1509 3604 1652 3667 gementes
1667 3616 1677 3665 ,·
1752 3620 1764 3639 -

963 3686 1018 3741 llos
1033 3684 1176 3756 paradisus
1191 3683 1281 3754 babet,
1297 3683 1426 3739 discindit
1440 3691 1556 3738 tartarus
1570 3683 1642 3740 illos.

963 3775 1010 3829 llis
1024 3773 1091 3829 uisis
1106 3773 1250 3845 multisque
1268 3772 1328 3827 aliis
1343 3788 1403 3843 quae
1418 3772 1541 3829 seribere
1556 3772 1667 3846 longum
1681 3780 1732 3841 eat,

963 3863 1084 3935 Quaeque
1097 3861 1182 3933 stylus
1197 3879 1311 3918 currens
1333 3861 1425 3918 stricta
1436 3861 1569 3918 brevitate
1584 3861 1722 3934 relinquit,

964 3953 1077 4009 Ducitur
1092 3952 1126 4007 ad
1141 3951 1264 4024 quaedam
1278 3950 1457 4023 praepulchra
1471 3950 1572 4007 moenia
1585 3950 1669 4018 aedis,

965 4040 1032 4111 Qnae
1047 4040 1162 4096 naturali
1176 4041 1325 4096 consistere
1339 4040 1411 4096 mole
1426 4040 1539 4096 terebat.

966 4132 1024 4186 lloe
1038 4146 1106 4202 opus
1120 4131 1253 4186 immenso
1269 4129 1347 4185 nituit
1361 4129 1517 4201 splendore,
1534 4144 1683 4186 coruscans

966 4219 1098 4288 arcubus,
1116 4219 1250 4293 effulgens
1265 4219 1403 4291 variisque
1415 4219 1555 4276 omatibus
1569 4217 1669 4285 aureis,

966 4308 1134 4381 argentique
1146 4325 1246 4381 gerens
1260 4309 1375 4363 multum
1391 4316 1524 4364 structura
1543 4307 1690 4374 metallum,

967 4397 1082 4454 Praebuit
1096 4407 1151 4454 arte
1164 4398 1251 4454 oeulis
1266 4397 1393 4470 anaglyta
1406 4412 1519 4469 pascere
1538 4404 1657 4452 mentem

917 4484 944 4545 D
959 4487 1067 4555 bloenia,
1088 4504 1149 4558 quae
1163 4495 1269 4542 tantum
1282 4486 1365 4541 latam
1380 4486 1544 4559 longamque
1559 4486 1685 4542 tenebant

964 4576 1128 4641 Mansuram,
1144 4575 1344 4647 pulchrumque
1358 4582 1456 4630 statum
1471 4573 1596 4630 mirabile
1610 4574 1721 4641 tactum,
1753 4632 1756 4638 ,

964 4664 1081 4737 Altaque
1095 4680 1146 4735 per
1160 4662 1286 4720 volueres
1300 4663 1454 4734 pandebant
1469 4662 1590 4719 eulmina
1603 4670 1699 4719 ventos

964 4753 1099 4823 Quantum
1110 4753 1183 4807 nulla
1191 4759 1282 4824 potest
1296 4752 1411 4808 intentio
1425 4752 1524 4808 mentis
1533 4752 1561 4806 in
1573 4752 1661 4808 visum
1672 4752 1715 4824 (F.
1725 4751 1765 4823 iu,
1835 4743 1838 4749 ’

965 4843 1098 4898 claudere
1111 4841 1256 4908 tractandi,
1273 4857 1324 4898 nee
1338 4841 1400 4914 quis
1415 4855 1542 4896 sermone
1556 4839 1637 4897 fateri
1652 4839 1764 4914 [usuml

965 4935 1018 4987 Aut
1031 4931 1109 5003 operi
1123 4939 1198 4986 tanto
1213 4946 1339 4987 veracem
1354 4938 1448 5001 optare
1463 4937 1603 4997 staturam,

965 5019 1018 5072 llut
1032 5017 1116 5073 decus
1131 5016 1267 5072 excellens
1281 5014 1356 5070 veris
1370 5014 1518 5085 disponere
1538 5014 1639 5072 verbis.

116 5114 238 5187 Quisque
249 5114 339 5168 sinum
346 5111 374 5166 in
380 5109 522 5182 proprium
533 5115 687 5180 praeventus
696 5115 785 5162 morte
795 5114 917 5179 receptet
965 5107 1030 5162 llaee
1044 5114 1157 5162 cernunt
1172 5104 1305 5177 fratrique
1321 5118 1400 5161 sacer
1413 5111 1477 5160 tunc
1491 5103 1606 5177 angelus
1622 5104 1662 5161 illi
1678 5123 1686 5160 ι

117 5203 255 5275 Quidquid
269 5202 304 5257 ad
318 5198 466 5271 hospitium
480 5206 590 5253 aeternae
605 5195 793 5251 transmiserat
806 5197 886 5252 aule.

117 5292 206 5363 Quam
221 5306 287 5348 vero
300 5288 439 5346 horrendo
454 5287 582 5343 comitum
597 5300 724 5342 sermone
739 5284 881 5356 protanam

117 5381 241 5438 intulerit
255 5379 348 5448 vitam,
365 5376 456 5433 nullus
470 5390 583 5432 narrare
597 5373 730 5430 redundat
745 5391 752 5428 :

967 5195 1032 5251 Cras
1046 5195 1185 5267 migrabis,
1202 5194 1248 5260 ait,
1262 5193 1324 5250 vita
1337 5191 1456 5250 confinia
1473 5192 1601 5265 linquens

967 5284 1104 5351 Terrena),
1121 5292 1213 5339 tamen
1227 5282 1331 5339 interea
1345 5281 1512 5339 certabimus
1527 5282 1608 5337 amho

968 5374 1022 5428 Pro
1035 5373 1135 5445 pietate
1147 5388 1245 5446 preces
1260 5372 1362 5430 sanctia
1376 5379 1552 5444 prosternere
1567 5367 1676 5435 Christi,

140 5558 254 5616 angitur
274 5556 357 5605 bleda
373 5554 466 5602 cereto
478 5560 579 5616 tegno,
598 5552 641 5612 qut
651 5551 795 5611 patrabatur
814 5551 847 5600 oh
858 5549 994 5600 libidinem
1010 5549 1143 5609 impuram.
1154 5549 1292 5599 teroatichl
1304 5561 1399 5600 verena
1429 5544 1573 5606 inprobant
1591 5544 1624 5591 ah
1640 5554 1671 5592 ao
1696 5554 1772 5595 verm
1813 5583 1816 5589 .

118 5638 311 5700 commentatur
320 5638 388 5686 item.
399 5638 473 5686 haam
