<?xml version="1.0" encoding="UTF-8"?>
<!DOCTYPE html PUBLIC "-//W3C//DTD XHTML 1.0 Transitional//EN"
    "http://www.w3.org/TR/xhtml1/DTD/xhtml1-transitional.dtd">
<html xmlns="http://www.w3.org/1999/xhtml" xml:lang="en" lang="en">
 <head>
  <title>
</title>
<meta http-equiv="Content-Type" content="text/html;charset=utf-8" />
  <meta name='ocr-system' content='tesseract 3.04.00' />
  <meta name='ocr-capabilities' content='ocr_page ocr_carea ocr_par ocr_line ocrx_word'/>
</head>
<body>
  <div class='ocr_page' id='page_1' title='image "./patrologiaecurs06saingoog/patrologiaecurs06saingoog_0502.png"; bbox 0 0 3772 6112; ppageno 0'>
   <div class='ocr_carea' id='block_1_1' title="bbox 55 217 1716 319">
    <p class='ocr_par' dir='ltr' id='par_1_1' title="bbox 55 217 1716 319">
     <span class='ocr_line' id='line_1_1' title="bbox 55 217 1716 319; baseline 0.014 -23"><span class='ocrx_word' id='word_1_1' title='bbox 55 217 112 296; x_wconf 83' lang='lat' dir='ltr'>oss</span> <span class='ocrx_word' id='word_1_2' title='bbox 577 243 1160 309; x_wconf 81' lang='lat' dir='ltr'>vrrxs.cxurxnnxr1s.-u1s.r.</span> <span class='ocrx_word' id='word_1_3' title='bbox 1663 262 1716 319; x_wconf 80' lang='lat' dir='ltr'>sss</span> 
     </span>
    </p>
   </div>
   <div class='ocr_carea' id='block_1_2' title="bbox 54 362 1719 1437">
    <p class='ocr_par' dir='ltr' id='par_1_2' title="bbox 54 362 1719 1437">
     <span class='ocr_line' id='line_1_2' title="bbox 54 362 1717 450; baseline 0.015 -32"><span class='ocrx_word' id='word_1_4' title='bbox 54 377 124 419; x_wconf 81' lang='lat' dir='ltr'>vero</span> <span class='ocrx_word' id='word_1_5' title='bbox 138 368 194 418; x_wconf 69' lang='lat' dir='ltr'>nm</span> <span class='ocrx_word' id='word_1_6' title='bbox 208 362 302 437; x_wconf 88' lang='lat' dir='ltr'>gravis</span> <span class='ocrx_word' id='word_1_7' title='bbox 318 362 377 420; x_wconf 90' lang='lat' dir='ltr'>oris</span> <span class='ocrx_word' id='word_1_8' title='bbox 391 364 515 437; x_wconf 82' lang='lat' dir='ltr'><strong>prorupit</strong></span> <span class='ocrx_word' id='word_1_9' title='bbox 531 382 564 423; x_wconf 85' lang='lat' dir='ltr'>ex</span> <span class='ocrx_word' id='word_1_10' title='bbox 578 368 669 440; x_wconf 80' lang='lat' dir='ltr'>adyto,</span> <span class='ocrx_word' id='word_1_11' title='bbox 690 378 720 424; x_wconf 93' lang='lat' dir='ltr'>ut</span> <span class='ocrx_word' id='word_1_12' title='bbox 735 370 865 442; x_wconf 82' lang='lat' dir='ltr'>sulphure</span> <span class='ocrx_word' id='word_1_13' title='bbox 879 371 1069 446; x_wconf 83' lang='lat' dir='ltr'>Adiscipulus</span> <span class='ocrx_word' id='word_1_14' title='bbox 1085 377 1144 446; x_wconf 76' lang='lat' dir='ltr'>eJus</span> <span class='ocrx_word' id='word_1_15' title='bbox 1158 375 1268 433; x_wconf 88' lang='lat' dir='ltr'>nomine</span> <span class='ocrx_word' id='word_1_16' title='bbox 1291 377 1469 450; x_wconf 83' lang='lat' dir='ltr'>Magnoaldus</span> <span class='ocrx_word' id='word_1_17' title='bbox 1490 380 1557 437; x_wconf 80' lang='lat' dir='ltr'>dixit</span> <span class='ocrx_word' id='word_1_18' title='bbox 1580 383 1615 439; x_wconf 87' lang='lat' dir='ltr'>ad</span> <span class='ocrx_word' id='word_1_19' title='bbox 1630 401 1693 443; x_wconf 89' lang='lat' dir='ltr'>eum</span> <span class='ocrx_word' id='word_1_20' title='bbox 1709 405 1717 444; x_wconf 76' lang='grc' dir='ltr'><strong>ε</strong></span> 
     </span>
     <span class='ocr_line' id='line_1_3' title="bbox 55 450 1718 540; baseline 0.015 -34"><span class='ocrx_word' id='word_1_21' title='bbox 55 450 136 508; x_wconf 92' lang='lat' dir='ltr'>locus</span> <span class='ocrx_word' id='word_1_22' title='bbox 159 452 218 523; x_wconf 92' lang='lat' dir='ltr'>ipse</span> <span class='ocrx_word' id='word_1_23' title='bbox 242 468 371 523; x_wconf 86' lang='lat' dir='ltr'>aspersus</span> <span class='ocrx_word' id='word_1_24' title='bbox 392 464 543 526; x_wconf 88' lang='lat' dir='ltr'>putaretur.</span> <span class='ocrx_word' id='word_1_25' title='bbox 576 457 658 512; x_wconf 90' lang='lat' dir='ltr'>Pater</span> <span class='ocrx_word' id='word_1_26' title='bbox 681 457 770 530; x_wconf 91' lang='lat' dir='ltr'>itaque</span> <span class='ocrx_word' id='word_1_27' title='bbox 801 475 863 516; x_wconf 90' lang='lat' dir='ltr'>eum</span> <span class='ocrx_word' id='word_1_28' title='bbox 913 463 1003 530; x_wconf 90' lang='lat' dir='ltr'>Pater,</span> <span class='ocrx_word' id='word_1_29' title='bbox 1020 465 1109 520; x_wconf 90' lang='lat' dir='ltr'>habeo</span> <span class='ocrx_word' id='word_1_30' title='bbox 1128 482 1175 521; x_wconf 90' lang='lat' dir='ltr'>vas</span> <span class='ocrx_word' id='word_1_31' title='bbox 1199 474 1360 540; x_wconf 88' lang='lat' dir='ltr'>argenteum</span> <span class='ocrx_word' id='word_1_32' title='bbox 1388 469 1549 540; x_wconf 89' lang='lat' dir='ltr'>pretiosum,</span> <span class='ocrx_word' id='word_1_33' title='bbox 1581 473 1718 531; x_wconf 71' lang='lat' dir='ltr'>celaturis</span> 
     </span>
     <span class='ocr_line' id='line_1_4' title="bbox 56 540 1718 624; baseline 0.013 -28"><span class='ocrx_word' id='word_1_34' title='bbox 56 540 217 597; x_wconf 79' lang='lat' dir='ltr'>domesticis</span> <span class='ocrx_word' id='word_1_35' title='bbox 232 542 289 596; x_wconf 92' lang='lat' dir='ltr'>suis</span> <span class='ocrx_word' id='word_1_36' title='bbox 303 540 422 608; x_wconf 88' lang='lat' dir='ltr'>intravit,</span> <span class='ocrx_word' id='word_1_37' title='bbox 438 551 466 598; x_wconf 93' lang='lat' dir='ltr'>ut</span> <span class='ocrx_word' id='word_1_38' title='bbox 481 544 588 600; x_wconf 89' lang='lat' dir='ltr'>videret</span> <span class='ocrx_word' id='word_1_39' title='bbox 598 546 664 617; x_wconf 92' lang='lat' dir='ltr'>quid</span> <span class='ocrx_word' id='word_1_40' title='bbox 672 546 715 602; x_wconf 89' lang='lat' dir='ltr'>vir</span> <span class='ocrx_word' id='word_1_41' title='bbox 723 547 772 602; x_wconf 91' lang='lat' dir='ltr'>Dei</span> <span class='ocrx_word' id='word_1_42' title='bbox 788 556 862 604; x_wconf 91' lang='lat' dir='ltr'>esset</span> <span class='ocrx_word' id='word_1_43' title='bbox 913 551 1034 623; x_wconf 80' lang='lat' dir='ltr'><strong>insigne.</strong></span> <span class='ocrx_word' id='word_1_44' title='bbox 1055 554 1083 610; x_wconf 93' lang='lat' dir='ltr'>Si</span> <span class='ocrx_word' id='word_1_45' title='bbox 1098 555 1140 610; x_wconf 92' lang='lat' dir='ltr'>vis</span> <span class='ocrx_word' id='word_1_46' title='bbox 1155 557 1302 612; x_wconf 81' lang='lat' dir='ltr'>reservabo</span> <span class='ocrx_word' id='word_1_47' title='bbox 1317 556 1393 624; x_wconf 90' lang='lat' dir='ltr'>illud,</span> <span class='ocrx_word' id='word_1_48' title='bbox 1410 567 1438 613; x_wconf 91' lang='lat' dir='ltr'>ut</span> <span class='ocrx_word' id='word_1_49' title='bbox 1453 559 1524 616; x_wconf 90' lang='lat' dir='ltr'>sacri</span> <span class='ocrx_word' id='word_1_50' title='bbox 1546 577 1610 618; x_wconf 88' lang='lat' dir='ltr'>vasa</span> <span class='ocrx_word' id='word_1_51' title='bbox 1638 563 1718 618; x_wconf 89' lang='lat' dir='ltr'>mini-</span> 
     </span>
     <span class='ocr_line' id='line_1_5' title="bbox 56 630 1719 719; baseline 0.014 -34"><span class='ocrx_word' id='word_1_52' title='bbox 56 636 180 686; x_wconf 89' lang='lat' dir='ltr'>acturus.</span> <span class='ocrx_word' id='word_1_53' title='bbox 197 630 255 698; x_wconf 92' lang='lat' dir='ltr'>llle,</span> <span class='ocrx_word' id='word_1_54' title='bbox 265 631 305 686; x_wconf 83' lang='lat' dir='ltr'>ue</span> <span class='ocrx_word' id='word_1_55' title='bbox 319 630 428 687; x_wconf 87' lang='lat' dir='ltr'>Domini</span> <span class='ocrx_word' id='word_1_56' title='bbox 441 631 566 706; x_wconf 89' lang='lat' dir='ltr'>largitate</span> <span class='ocrx_word' id='word_1_57' title='bbox 581 635 759 705; x_wconf 89' lang='lat' dir='ltr'>certissimus,</span> <span class='ocrx_word' id='word_1_58' title='bbox 775 637 864 691; x_wconf 92' lang='lat' dir='ltr'>bumi-</span> <span class='ocrx_word' id='word_1_59' title='bbox 913 642 987 696; x_wconf 87' lang='lat' dir='ltr'>sterii</span> <span class='ocrx_word' id='word_1_60' title='bbox 1001 658 1035 698; x_wconf 91' lang='lat' dir='ltr'>ex</span> <span class='ocrx_word' id='word_1_61' title='bbox 1048 659 1082 699; x_wconf 92' lang='lat' dir='ltr'>eo</span> <span class='ocrx_word' id='word_1_62' title='bbox 1108 644 1249 701; x_wconf 84' lang='lat' dir='ltr'>iaciamus.</span> <span class='ocrx_word' id='word_1_63' title='bbox 1276 645 1324 702; x_wconf 91' lang='lat' dir='ltr'>llle</span> <span class='ocrx_word' id='word_1_64' title='bbox 1353 649 1511 719; x_wconf 85' lang='lat' dir='ltr'>respondit:</span> <span class='ocrx_word' id='word_1_65' title='bbox 1537 651 1597 719; x_wconf 85' lang='lat' dir='ltr'>Fili,</span> <span class='ocrx_word' id='word_1_66' title='bbox 1613 668 1719 710; x_wconf 89' lang='lat' dir='ltr'>memor</span> 
     </span>
     <span class='ocr_line' id='line_1_6' title="bbox 59 717 1718 816; baseline 0.017 -43"><span class='ocrx_word' id='word_1_67' title='bbox 59 717 126 775; x_wconf 90' lang='lat' dir='ltr'>liter</span> <span class='ocrx_word' id='word_1_68' title='bbox 139 734 170 774; x_wconf 90' lang='lat' dir='ltr'>se</span> <span class='ocrx_word' id='word_1_69' title='bbox 180 727 368 791; x_wconf 86' lang='lat' dir='ltr'>prosternens,</span> <span class='ocrx_word' id='word_1_70' title='bbox 384 722 433 776; x_wconf 90' lang='lat' dir='ltr'>has</span> <span class='ocrx_word' id='word_1_71' title='bbox 446 737 553 793; x_wconf 89' lang='lat' dir='ltr'>preces,</span> <span class='ocrx_word' id='word_1_72' title='bbox 571 723 689 780; x_wconf 91' lang='lat' dir='ltr'>Domino</span> <span class='ocrx_word' id='word_1_73' title='bbox 704 739 767 781; x_wconf 91' lang='lat' dir='ltr'>oum</span> <span class='ocrx_word' id='word_1_74' title='bbox 780 724 865 797; x_wconf 83' lang='lat' dir='ltr'>lacry-</span> <span class='ocrx_word' id='word_1_75' title='bbox 914 732 1056 787; x_wconf 79' lang='lat' dir='ltr'>sententiae</span> <span class='ocrx_word' id='word_1_76' title='bbox 1071 733 1141 788; x_wconf 89' lang='lat' dir='ltr'>beati</span> <span class='ocrx_word' id='word_1_77' title='bbox 1157 735 1229 790; x_wconf 88' lang='lat' dir='ltr'>Petri</span> <span class='ocrx_word' id='word_1_78' title='bbox 1244 736 1369 806; x_wconf 91' lang='lat' dir='ltr'>apostoli,</span> <span class='ocrx_word' id='word_1_79' title='bbox 1385 753 1467 809; x_wconf 90' lang='lat' dir='ltr'>quam</span> <span class='ocrx_word' id='word_1_80' title='bbox 1480 739 1629 812; x_wconf 86' lang='lat' dir='ltr'>paralytico</span> <span class='ocrx_word' id='word_1_81' title='bbox 1652 758 1718 816; x_wconf 93' lang='lat' dir='ltr'>spe-</span> 
     </span>
     <span class='ocr_line' id='line_1_7' title="bbox 58 805 1715 901; baseline 0.017 -40"><span class='ocrx_word' id='word_1_82' title='bbox 58 806 113 863; x_wconf 91' lang='lat' dir='ltr'>mis</span> <span class='ocrx_word' id='word_1_83' title='bbox 124 805 215 863; x_wconf 83' lang='lat' dir='ltr'>fudit:</span> <span class='ocrx_word' id='word_1_84' title='bbox 245 808 361 865; x_wconf 91' lang='lat' dir='ltr'>Domine</span> <span class='ocrx_word' id='word_1_85' title='bbox 389 810 454 865; x_wconf 85' lang='lat' dir='ltr'>Jesu</span> <span class='ocrx_word' id='word_1_86' title='bbox 482 810 598 877; x_wconf 87' lang='lat' dir='ltr'>Christe,</span> <span class='ocrx_word' id='word_1_87' title='bbox 625 813 670 884; x_wconf 92' lang='lat' dir='ltr'>qui</span> <span class='ocrx_word' id='word_1_88' title='bbox 697 829 748 885; x_wconf 91' lang='lat' dir='ltr'>pro</span> <span class='ocrx_word' id='word_1_89' title='bbox 777 814 864 869; x_wconf 89' lang='lat' dir='ltr'>salute</span> <span class='ocrx_word' id='word_1_90' title='bbox 914 820 983 875; x_wconf 89' lang='lat' dir='ltr'>ranti</span> <span class='ocrx_word' id='word_1_91' title='bbox 1010 822 1152 893; x_wconf 89' lang='lat' dir='ltr'>pecuniam</span> <span class='ocrx_word' id='word_1_92' title='bbox 1175 824 1287 894; x_wconf 91' lang='lat' dir='ltr'>protulit</span> <span class='ocrx_word' id='word_1_93' title='bbox 1303 843 1310 880; x_wconf 74' lang='grc' dir='ltr'><strong>ε</strong></span> <span class='ocrx_word' id='word_1_94' title='bbox 1327 826 1493 898; x_wconf 77' lang='lat' dir='ltr'>Argentum,</span> <span class='ocrx_word' id='word_1_95' title='bbox 1518 829 1545 883; x_wconf 92' lang='lat' dir='ltr'>in</span> <span class='ocrx_word' id='word_1_96' title='bbox 1561 830 1668 901; x_wconf 86' lang='lat' dir='ltr'>quiens,</span> <span class='ocrx_word' id='word_1_97' title='bbox 1686 835 1715 890; x_wconf 84' lang='lat' dir='ltr'>ct</span> 
     </span>
     <span class='ocr_line' id='line_1_8' title="bbox 55 894 1719 985; baseline 0.016 -35"><span class='ocrx_word' id='word_1_98' title='bbox 55 894 171 951; x_wconf 90' lang='lat' dir='ltr'>humani</span> <span class='ocrx_word' id='word_1_99' title='bbox 196 897 306 968; x_wconf 88' lang='lat' dir='ltr'>generis</span> <span class='ocrx_word' id='word_1_100' title='bbox 335 912 446 953; x_wconf 90' lang='lat' dir='ltr'>carnem</span> <span class='ocrx_word' id='word_1_101' title='bbox 475 916 584 956; x_wconf 87' lang='lat' dir='ltr'>sumere</span> <span class='ocrx_word' id='word_1_102' title='bbox 609 909 634 956; x_wconf 92' lang='lat' dir='ltr'>et</span> <span class='ocrx_word' id='word_1_103' title='bbox 659 917 710 973; x_wconf 90' lang='lat' dir='ltr'>per</span> <span class='ocrx_word' id='word_1_104' title='bbox 725 902 864 975; x_wconf 80' lang='lat' dir='ltr'>Virginem</span> <span class='ocrx_word' id='word_1_105' title='bbox 914 924 1019 964; x_wconf 82' lang='lat' dir='ltr'>norom</span> <span class='ocrx_word' id='word_1_106' title='bbox 1034 926 1091 966; x_wconf 88' lang='lat' dir='ltr'>non</span> <span class='ocrx_word' id='word_1_107' title='bbox 1106 915 1149 967; x_wconf 82' lang='lat' dir='ltr'>est</span> <span class='ocrx_word' id='word_1_108' title='bbox 1163 912 1237 968; x_wconf 69' lang='lat' dir='ltr'>anthe·</span> <span class='ocrx_word' id='word_1_109' title='bbox 1250 914 1323 983; x_wconf 83' lang='lat' dir='ltr'>(Act.</span> <span class='ocrx_word' id='word_1_110' title='bbox 1339 916 1398 985; x_wconf 83' lang='lat' dir='ltr'>nr);</span> <span class='ocrx_word' id='word_1_111' title='bbox 1414 931 1449 970; x_wconf 88' lang='lat' dir='ltr'>ne</span> <span class='ocrx_word' id='word_1_112' title='bbox 1464 917 1614 974; x_wconf 87' lang='lat' dir='ltr'>contrarius</span> <span class='ocrx_word' id='word_1_113' title='bbox 1628 936 1719 976; x_wconf 89' lang='lat' dir='ltr'>exem·</span> 
     </span>
     <span class='ocr_line' id='line_1_9' title="bbox 54 984 1718 1081; baseline 0.015 -42"><span class='ocrx_word' id='word_1_114' title='bbox 54 984 133 1040; x_wconf 88' lang='lat' dir='ltr'>nasci</span> <span class='ocrx_word' id='word_1_115' title='bbox 168 984 297 1058; x_wconf 87' lang='lat' dir='ltr'>dignatus</span> <span class='ocrx_word' id='word_1_116' title='bbox 324 1002 375 1047; x_wconf 81' lang='lat' dir='ltr'>es:</span> <span class='ocrx_word' id='word_1_117' title='bbox 404 987 451 1059; x_wconf 90' lang='lat' dir='ltr'>qui</span> <span class='ocrx_word' id='word_1_118' title='bbox 475 989 563 1043; x_wconf 90' lang='lat' dir='ltr'>ventis</span> <span class='ocrx_word' id='word_1_119' title='bbox 578 997 604 1044; x_wconf 89' lang='lat' dir='ltr'>et</span> <span class='ocrx_word' id='word_1_120' title='bbox 620 990 690 1044; x_wconf 91' lang='lat' dir='ltr'>mari</span> <span class='ocrx_word' id='word_1_121' title='bbox 713 990 862 1061; x_wconf 90' lang='lat' dir='ltr'>imperasti,</span> <span class='ocrx_word' id='word_1_122' title='bbox 914 996 962 1067; x_wconf 93' lang='lat' dir='ltr'>plo</span> <span class='ocrx_word' id='word_1_123' title='bbox 976 997 1127 1055; x_wconf 87' lang='lat' dir='ltr'>inveniaris</span> <span class='ocrx_word' id='word_1_124' title='bbox 1142 1001 1255 1068; x_wconf 87' lang='lat' dir='ltr'>salubri,</span> <span class='ocrx_word' id='word_1_125' title='bbox 1272 1018 1320 1057; x_wconf 90' lang='lat' dir='ltr'>vas</span> <span class='ocrx_word' id='word_1_126' title='bbox 1337 1003 1410 1074; x_wconf 93' lang='lat' dir='ltr'>quod</span> <span class='ocrx_word' id='word_1_127' title='bbox 1434 1006 1560 1076; x_wconf 88' lang='lat' dir='ltr'>possides</span> <span class='ocrx_word' id='word_1_128' title='bbox 1587 1010 1718 1081; x_wconf 90' lang='lat' dir='ltr'>pauperi-</span> 
     </span>
     <span class='ocr_line' id='line_1_10' title="bbox 56 1071 1717 1165; baseline 0.016 -38"><span class='ocrx_word' id='word_1_129' title='bbox 56 1071 197 1128; x_wconf 89' lang='lat' dir='ltr'>diabolum</span> <span class='ocrx_word' id='word_1_130' title='bbox 212 1074 304 1143; x_wconf 89' lang='lat' dir='ltr'>etiam,</span> <span class='ocrx_word' id='word_1_131' title='bbox 320 1073 474 1131; x_wconf 73' lang='lat' dir='ltr'>calliditatis</span> <span class='ocrx_word' id='word_1_132' title='bbox 493 1093 550 1132; x_wconf 82' lang='lat' dir='ltr'>suae</span> <span class='ocrx_word' id='word_1_133' title='bbox 572 1075 710 1133; x_wconf 80' lang='lat' dir='ltr'>fraudibus</span> <span class='ocrx_word' id='word_1_134' title='bbox 732 1079 864 1135; x_wconf 90' lang='lat' dir='ltr'>insisten-</span> <span class='ocrx_word' id='word_1_135' title='bbox 914 1085 966 1141; x_wconf 89' lang='lat' dir='ltr'>bus</span> <span class='ocrx_word' id='word_1_136' title='bbox 981 1087 1104 1144; x_wconf 80' lang='lat' dir='ltr'>conferre</span> <span class='ocrx_word' id='word_1_137' title='bbox 1120 1099 1220 1146; x_wconf 89' lang='lat' dir='ltr'>curato.</span> <span class='ocrx_word' id='word_1_138' title='bbox 1238 1091 1308 1146; x_wconf 89' lang='lat' dir='ltr'>Nam</span> <span class='ocrx_word' id='word_1_139' title='bbox 1334 1101 1487 1165; x_wconf 88' lang='lat' dir='ltr'>praeceptor</span> <span class='ocrx_word' id='word_1_140' title='bbox 1512 1112 1590 1151; x_wconf 92' lang='lat' dir='ltr'>meus</span> <span class='ocrx_word' id='word_1_141' title='bbox 1615 1097 1717 1154; x_wconf 91' lang='lat' dir='ltr'>beatis·</span> 
     </span>
     <span class='ocr_line' id='line_1_11' title="bbox 56 1162 1719 1242; baseline 0.015 -24"><span class='ocrx_word' id='word_1_142' title='bbox 56 1168 124 1228; x_wconf 73' lang='lat' dir='ltr'>tem</span> <span class='ocrx_word' id='word_1_143' title='bbox 141 1170 214 1218; x_wconf 90' lang='lat' dir='ltr'>retro</span> <span class='ocrx_word' id='word_1_144' title='bbox 228 1162 269 1218; x_wconf 94' lang='lat' dir='ltr'>ire</span> <span class='ocrx_word' id='word_1_145' title='bbox 281 1163 396 1232; x_wconf 87' lang='lat' dir='ltr'>jussisti,</span> <span class='ocrx_word' id='word_1_146' title='bbox 413 1164 514 1236; x_wconf 92' lang='lat' dir='ltr'>quique</span> <span class='ocrx_word' id='word_1_147' title='bbox 528 1165 658 1237; x_wconf 85' lang='lat' dir='ltr'>passione</span> <span class='ocrx_word' id='word_1_148' title='bbox 673 1173 717 1222; x_wconf 87' lang='lat' dir='ltr'>tua</span> <span class='ocrx_word' id='word_1_149' title='bbox 732 1169 865 1224; x_wconf 90' lang='lat' dir='ltr'>mundum</span> <span class='ocrx_word' id='word_1_150' title='bbox 916 1173 1003 1229; x_wconf 91' lang='lat' dir='ltr'>simus</span> <span class='ocrx_word' id='word_1_151' title='bbox 1019 1176 1201 1233; x_wconf 83' lang='lat' dir='ltr'>columbanus</span> <span class='ocrx_word' id='word_1_152' title='bbox 1216 1179 1244 1233; x_wconf 91' lang='lat' dir='ltr'>in</span> <span class='ocrx_word' id='word_1_153' title='bbox 1259 1179 1333 1235; x_wconf 92' lang='lat' dir='ltr'>vasis</span> <span class='ocrx_word' id='word_1_154' title='bbox 1347 1181 1430 1235; x_wconf 67' lang='lat' dir='ltr'>aeneis</span> <span class='ocrx_word' id='word_1_155' title='bbox 1447 1183 1563 1239; x_wconf 91' lang='lat' dir='ltr'>Domino</span> <span class='ocrx_word' id='word_1_156' title='bbox 1577 1185 1647 1242; x_wconf 91' lang='lat' dir='ltr'>solet</span> <span class='ocrx_word' id='word_1_157' title='bbox 1673 1203 1719 1242; x_wconf 89' lang='lat' dir='ltr'>sa·</span> 
     </span>
     <span class='ocr_line' id='line_1_12' title="bbox 56 1250 1717 1340; baseline 0.014 -34"><span class='ocrx_word' id='word_1_158' title='bbox 56 1250 193 1307; x_wconf 82' lang='lat' dir='ltr'>redimere</span> <span class='ocrx_word' id='word_1_159' title='bbox 214 1258 239 1306; x_wconf 90' lang='lat' dir='ltr'>et</span> <span class='ocrx_word' id='word_1_160' title='bbox 262 1251 384 1309; x_wconf 89' lang='lat' dir='ltr'>libertati</span> <span class='ocrx_word' id='word_1_161' title='bbox 407 1253 551 1310; x_wconf 89' lang='lat' dir='ltr'>restituere</span> <span class='ocrx_word' id='word_1_162' title='bbox 576 1255 706 1329; x_wconf 85' lang='lat' dir='ltr'>dignatus</span> <span class='ocrx_word' id='word_1_163' title='bbox 730 1272 779 1312; x_wconf 90' lang='lat' dir='ltr'>es:</span> <span class='ocrx_word' id='word_1_164' title='bbox 798 1257 865 1327; x_wconf 88' lang='lat' dir='ltr'>jube</span> <span class='ocrx_word' id='word_1_165' title='bbox 915 1262 1046 1320; x_wconf 87' lang='lat' dir='ltr'>orificium</span> <span class='ocrx_word' id='word_1_166' title='bbox 1061 1264 1161 1322; x_wconf 81' lang='lat' dir='ltr'>offerre</span> <span class='ocrx_word' id='word_1_167' title='bbox 1177 1267 1281 1335; x_wconf 91' lang='lat' dir='ltr'>salutis,</span> <span class='ocrx_word' id='word_1_168' title='bbox 1300 1268 1360 1340; x_wconf 91' lang='lat' dir='ltr'>quia</span> <span class='ocrx_word' id='word_1_169' title='bbox 1375 1268 1461 1326; x_wconf 81' lang='lat' dir='ltr'>fertur</span> <span class='ocrx_word' id='word_1_170' title='bbox 1472 1279 1497 1326; x_wconf 91' lang='lat' dir='ltr'>et</span> <span class='ocrx_word' id='word_1_171' title='bbox 1512 1272 1637 1330; x_wconf 86' lang='lat' dir='ltr'>Salvator</span> <span class='ocrx_word' id='word_1_172' title='bbox 1650 1290 1717 1332; x_wconf 88' lang='lat' dir='ltr'>nos-</span> 
     </span>
     <span class='ocr_line' id='line_1_13' title="bbox 56 1337 1718 1437; baseline 0.017 -44"><span class='ocrx_word' id='word_1_173' title='bbox 56 1337 131 1396; x_wconf 88' lang='lat' dir='ltr'>hunc</span> <span class='ocrx_word' id='word_1_174' title='bbox 153 1339 401 1396; x_wconf 88' lang='lat' dir='ltr'>immundissimum</span> <span class='ocrx_word' id='word_1_175' title='bbox 425 1342 549 1413; x_wconf 90' lang='lat' dir='ltr'>spiritum</span> <span class='ocrx_word' id='word_1_176' title='bbox 571 1343 605 1399; x_wconf 91' lang='lat' dir='ltr'>de</span> <span class='ocrx_word' id='word_1_177' title='bbox 629 1344 719 1415; x_wconf 90' lang='lat' dir='ltr'>puella</span> <span class='ocrx_word' id='word_1_178' title='bbox 739 1346 790 1401; x_wconf 89' lang='lat' dir='ltr'>hac</span> <span class='ocrx_word' id='word_1_179' title='bbox 813 1361 864 1416; x_wconf 89' lang='lat' dir='ltr'>pro</span> <span class='ocrx_word' id='word_1_180' title='bbox 915 1359 957 1407; x_wconf 93' lang='lat' dir='ltr'>ter</span> <span class='ocrx_word' id='word_1_181' title='bbox 971 1353 1056 1409; x_wconf 91' lang='lat' dir='ltr'>clavis</span> <span class='ocrx_word' id='word_1_182' title='bbox 1071 1356 1154 1412; x_wconf 80' lang='lat' dir='ltr'>aeneis</span> <span class='ocrx_word' id='word_1_183' title='bbox 1168 1357 1242 1413; x_wconf 90' lang='lat' dir='ltr'>cruci</span> <span class='ocrx_word' id='word_1_184' title='bbox 1256 1355 1389 1414; x_wconf 86' lang='lat' dir='ltr'>confixus.</span> <span class='ocrx_word' id='word_1_185' title='bbox 1406 1359 1454 1414; x_wconf 90' lang='lat' dir='ltr'>llis</span> <span class='ocrx_word' id='word_1_186' title='bbox 1475 1362 1600 1418; x_wconf 91' lang='lat' dir='ltr'>omnibus</span> <span class='ocrx_word' id='word_1_187' title='bbox 1622 1365 1718 1437; x_wconf 83' lang='lat' dir='ltr'>exple·</span> 
     </span>
    </p>
   </div>
   <div class='ocr_carea' id='block_1_3' title="bbox 57 1427 1610 1589">
    <p class='ocr_par' dir='ltr' id='par_1_3' title="bbox 57 1427 1610 1589">
     <span class='ocr_line' id='line_1_14' title="bbox 57 1427 1610 1510; baseline 0.015 -27"><span class='ocrx_word' id='word_1_188' title='bbox 57 1428 98 1483; x_wconf 92' lang='lat' dir='ltr'>tui</span> <span class='ocrx_word' id='word_1_189' title='bbox 112 1427 203 1499; x_wconf 83' lang='lat' dir='ltr'>gloria</span> <span class='ocrx_word' id='word_1_190' title='bbox 216 1429 334 1484; x_wconf 90' lang='lat' dir='ltr'>nominis</span> <span class='ocrx_word' id='word_1_191' title='bbox 349 1429 433 1496; x_wconf 87' lang='lat' dir='ltr'>exire,</span> <span class='ocrx_word' id='word_1_192' title='bbox 449 1437 479 1485; x_wconf 91' lang='lat' dir='ltr'>ut</span> <span class='ocrx_word' id='word_1_193' title='bbox 499 1431 603 1502; x_wconf 88' lang='lat' dir='ltr'>plasma</span> <span class='ocrx_word' id='word_1_194' title='bbox 630 1440 705 1487; x_wconf 89' lang='lat' dir='ltr'>tuum</span> <span class='ocrx_word' id='word_1_195' title='bbox 729 1434 865 1505; x_wconf 84' lang='lat' dir='ltr'>superbus</span> <span class='ocrx_word' id='word_1_196' title='bbox 915 1441 958 1510; x_wconf 87' lang='lat' dir='ltr'>tis,</span> <span class='ocrx_word' id='word_1_197' title='bbox 975 1459 1103 1501; x_wconf 85' lang='lat' dir='ltr'>reversus</span> <span class='ocrx_word' id='word_1_198' title='bbox 1118 1446 1208 1502; x_wconf 91' lang='lat' dir='ltr'>estad</span> <span class='ocrx_word' id='word_1_199' title='bbox 1223 1446 1329 1502; x_wconf 88' lang='lat' dir='ltr'>dilectae</span> <span class='ocrx_word' id='word_1_200' title='bbox 1344 1447 1496 1505; x_wconf 86' lang='lat' dir='ltr'>solitudinis</span> <span class='ocrx_word' id='word_1_201' title='bbox 1510 1450 1610 1507; x_wconf 89' lang='lat' dir='ltr'>aulam.</span> 
     </span>
     <span class='ocr_line' id='line_1_15' title="bbox 57 1516 866 1589; baseline 0.01 -18"><span class='ocrx_word' id='word_1_202' title='bbox 57 1516 172 1573; x_wconf 91' lang='lat' dir='ltr'>invasor</span> <span class='ocrx_word' id='word_1_203' title='bbox 186 1517 307 1589; x_wconf 89' lang='lat' dir='ltr'>deserat,</span> <span class='ocrx_word' id='word_1_204' title='bbox 332 1526 359 1574; x_wconf 90' lang='lat' dir='ltr'>et</span> <span class='ocrx_word' id='word_1_205' title='bbox 385 1519 433 1575; x_wconf 91' lang='lat' dir='ltr'>tibi</span> <span class='ocrx_word' id='word_1_206' title='bbox 455 1520 574 1577; x_wconf 89' lang='lat' dir='ltr'>creatori</span> <span class='ocrx_word' id='word_1_207' title='bbox 598 1537 648 1576; x_wconf 93' lang='lat' dir='ltr'>suo</span> <span class='ocrx_word' id='word_1_208' title='bbox 669 1530 796 1579; x_wconf 89' lang='lat' dir='ltr'>creatura</span> <span class='ocrx_word' id='word_1_209' title='bbox 819 1530 866 1579; x_wconf 89' lang='lat' dir='ltr'>tua</span> 
     </span>
    </p>
   </div>
   <div class='ocr_carea' id='block_1_4' title="bbox 56 1581 1721 3629">
    <p class='ocr_par' dir='ltr' id='par_1_4' title="bbox 59 1581 1417 1682">
     <span class='ocr_line' id='line_1_16' title="bbox 59 1581 1417 1682; baseline 0.006 -22"><span class='ocrx_word' id='word_1_210' title='bbox 59 1605 184 1677; x_wconf 85' lang='lat' dir='ltr'>gaudens</span> <span class='ocrx_word' id='word_1_211' title='bbox 198 1605 345 1662; x_wconf 82' lang='lat' dir='ltr'>deserviat.</span> <span class='ocrx_word' id='word_1_212' title='bbox 360 1608 395 1662; x_wconf 86' lang='lat' dir='ltr'>Et</span> <span class='ocrx_word' id='word_1_213' title='bbox 410 1623 470 1664; x_wconf 90' lang='lat' dir='ltr'>cum</span> <span class='ocrx_word' id='word_1_214' title='bbox 486 1609 649 1665; x_wconf 84' lang='lat' dir='ltr'>surrexisset</span> <span class='ocrx_word' id='word_1_215' title='bbox 673 1611 709 1666; x_wconf 92' lang='lat' dir='ltr'>ab</span> <span class='ocrx_word' id='word_1_216' title='bbox 732 1612 863 1682; x_wconf 90' lang='lat' dir='ltr'>oratione,</span> <span class='ocrx_word' id='word_1_217' title='bbox 1213 1581 1326 1638; x_wconf 65' lang='lat' dir='ltr'>CAPUT</span> <span class='ocrx_word' id='word_1_218' title='bbox 1351 1583 1417 1639; x_wconf 71' lang='lat' dir='ltr'>XX·</span> 
     </span>
    </p>

    <p class='ocr_par' dir='ltr' id='par_1_5' title="bbox 58 1682 1718 1793">
     <span class='ocr_line' id='line_1_17' title="bbox 58 1682 1718 1793; baseline 0.006 -45"><span class='ocrx_word' id='word_1_219' title='bbox 58 1695 233 1766; x_wconf 86' lang='lat' dir='ltr'>apprehensa</span> <span class='ocrx_word' id='word_1_220' title='bbox 257 1695 370 1752; x_wconf 88' lang='lat' dir='ltr'>dextera</span> <span class='ocrx_word' id='word_1_221' title='bbox 398 1696 466 1766; x_wconf 89' lang='lat' dir='ltr'>ejus,</span> <span class='ocrx_word' id='word_1_222' title='bbox 497 1696 623 1756; x_wconf 87' lang='lat' dir='ltr'>allevavit</span> <span class='ocrx_word' id='word_1_223' title='bbox 652 1714 713 1755; x_wconf 89' lang='lat' dir='ltr'>eam</span> <span class='ocrx_word' id='word_1_224' title='bbox 741 1700 864 1772; x_wconf 90' lang='lat' dir='ltr'>(spiritus</span> <span class='ocrx_word' id='word_1_225' title='bbox 878 1682 975 1793; x_wconf 58' lang='lat' dir='ltr'>BQW</span> <span class='ocrx_word' id='word_1_226' title='bbox 991 1683 1262 1758; x_wconf 55' lang='grc' dir='ltr'>θῆαήῑᾱῑῐδῖθῗυθΐθ</span> <span class='ocrx_word' id='word_1_227' title='bbox 1276 1692 1415 1778; x_wconf 47' lang='lat' dir='ltr'>loannem</span> <span class='ocrx_word' id='word_1_228' title='bbox 1437 1692 1589 1776; x_wconf 50' lang='lat' dir='ltr'>diaconum</span> <span class='ocrx_word' id='word_1_229' title='bbox 1612 1694 1718 1752; x_wconf 60' lang='lat' dir='ltr'>litteris</span> 
     </span>
    </p>

    <p class='ocr_par' dir='ltr' id='par_1_6' title="bbox 56 1764 1721 3629">
     <span class='ocr_line' id='line_1_18' title="bbox 59 1764 1486 1861; baseline 0.006 -23"><span class='ocrx_word' id='word_1_230' title='bbox 59 1783 134 1838; x_wconf 88' lang='lat' dir='ltr'>enirn</span> <span class='ocrx_word' id='word_1_231' title='bbox 160 1784 299 1857; x_wconf 88' lang='lat' dir='ltr'>malignus</span> <span class='ocrx_word' id='word_1_232' title='bbox 336 1786 544 1842; x_wconf 80' lang='lat' dir='ltr'>conturbaverat</span> <span class='ocrx_word' id='word_1_233' title='bbox 572 1789 663 1860; x_wconf 84' lang='lat' dir='ltr'>eam),</span> <span class='ocrx_word' id='word_1_234' title='bbox 681 1796 707 1844; x_wconf 90' lang='lat' dir='ltr'>et</span> <span class='ocrx_word' id='word_1_235' title='bbox 737 1789 865 1861; x_wconf 91' lang='lat' dir='ltr'>imposita</span> <span class='ocrx_word' id='word_1_236' title='bbox 1146 1764 1290 1817; x_wconf 58' lang='lat' dir='ltr'><strong><em>matum</em></strong></span> <span class='ocrx_word' id='word_1_237' title='bbox 1315 1767 1486 1820; x_wconf 52' lang='lat' dir='ltr'>&#39;’umam&#39;’</span> 
     </span>
     <span class='ocr_line' id='line_1_19' title="bbox 57 1872 1716 1948; baseline 0.004 -20"><span class='ocrx_word' id='word_1_238' title='bbox 57 1884 144 1927; x_wconf 86' lang='lat' dir='ltr'>manu</span> <span class='ocrx_word' id='word_1_239' title='bbox 159 1888 242 1944; x_wconf 87' lang='lat' dir='ltr'>super</span> <span class='ocrx_word' id='word_1_240' title='bbox 255 1881 335 1945; x_wconf 89' lang='lat' dir='ltr'>caput</span> <span class='ocrx_word' id='word_1_241' title='bbox 349 1874 416 1944; x_wconf 90' lang='lat' dir='ltr'>ejus,</span> <span class='ocrx_word' id='word_1_242' title='bbox 434 1874 524 1930; x_wconf 83' lang='lat' dir='ltr'>dixit:</span> <span class='ocrx_word' id='word_1_243' title='bbox 553 1877 659 1948; x_wconf 89' lang='lat' dir='ltr'>lmpero</span> <span class='ocrx_word' id='word_1_244' title='bbox 690 1877 736 1932; x_wconf 87' lang='lat' dir='ltr'>tibi</span> <span class='ocrx_word' id='word_1_245' title='bbox 758 1878 785 1932; x_wconf 89' lang='lat' dir='ltr'>in</span> <span class='ocrx_word' id='word_1_246' title='bbox 810 1894 863 1935; x_wconf 86' lang='lat' dir='ltr'>no·</span> <span class='ocrx_word' id='word_1_247' title='bbox 954 1872 1060 1928; x_wconf 88' lang='lat' dir='ltr'>Deinde</span> <span class='ocrx_word' id='word_1_248' title='bbox 1088 1873 1161 1929; x_wconf 89' lang='lat' dir='ltr'>misit</span> <span class='ocrx_word' id='word_1_249' title='bbox 1191 1876 1334 1947; x_wconf 91' lang='lat' dir='ltr'>epistolam</span> <span class='ocrx_word' id='word_1_250' title='bbox 1357 1878 1391 1933; x_wconf 91' lang='lat' dir='ltr'>ad</span> <span class='ocrx_word' id='word_1_251' title='bbox 1414 1877 1547 1933; x_wconf 79' lang='lat' dir='ltr'>loannem</span> <span class='ocrx_word' id='word_1_252' title='bbox 1562 1877 1716 1948; x_wconf 89' lang='lat' dir='ltr'>diaconem,</span> 
     </span>
     <span class='ocr_line' id='line_1_20' title="bbox 56 1959 1718 2040; baseline 0.004 -25"><span class='ocrx_word' id='word_1_253' title='bbox 56 1959 133 2016; x_wconf 88' lang='lat' dir='ltr'>mine</span> <span class='ocrx_word' id='word_1_254' title='bbox 149 1961 257 2017; x_wconf 86' lang='lat' dir='ltr'>Domini</span> <span class='ocrx_word' id='word_1_255' title='bbox 272 1962 358 2018; x_wconf 87' lang='lat' dir='ltr'>nostri</span> <span class='ocrx_word' id='word_1_256' title='bbox 372 1965 438 2018; x_wconf 78' lang='lat' dir='ltr'>lesu</span> <span class='ocrx_word' id='word_1_257' title='bbox 453 1964 561 2031; x_wconf 88' lang='lat' dir='ltr'>Christi,</span> <span class='ocrx_word' id='word_1_258' title='bbox 587 1965 699 2037; x_wconf 90' lang='lat' dir='ltr'>spiritus</span> <span class='ocrx_word' id='word_1_259' title='bbox 713 1965 862 2034; x_wconf 90' lang='lat' dir='ltr'>immunde,</span> <span class='ocrx_word' id='word_1_260' title='bbox 915 1981 1018 2039; x_wconf 85' lang='lat' dir='ltr'>rogans</span> <span class='ocrx_word' id='word_1_261' title='bbox 1033 1980 1095 2020; x_wconf 89' lang='lat' dir='ltr'>eum</span> <span class='ocrx_word' id='word_1_262' title='bbox 1111 1964 1145 2018; x_wconf 93' lang='lat' dir='ltr'>ad</span> <span class='ocrx_word' id='word_1_263' title='bbox 1161 1980 1191 2019; x_wconf 92' lang='lat' dir='ltr'>se</span> <span class='ocrx_word' id='word_1_264' title='bbox 1206 1966 1309 2021; x_wconf 88' lang='lat' dir='ltr'>venire.</span> <span class='ocrx_word' id='word_1_265' title='bbox 1326 1965 1454 2036; x_wconf 88' lang='lat' dir='ltr'>Quicum</span> <span class='ocrx_word' id='word_1_266' title='bbox 1475 1966 1567 2023; x_wconf 90' lang='lat' dir='ltr'>dilecti</span> <span class='ocrx_word' id='word_1_267' title='bbox 1591 1968 1718 2040; x_wconf 75' lang='lat' dir='ltr'>magistri</span> 
     </span>
     <span class='ocr_line' id='line_1_21' title="bbox 56 2050 1717 2126; baseline 0.005 -22"><span class='ocrx_word' id='word_1_268' title='bbox 56 2055 85 2104; x_wconf 88' lang='lat' dir='ltr'>nt</span> <span class='ocrx_word' id='word_1_269' title='bbox 100 2064 185 2105; x_wconf 88' lang='lat' dir='ltr'>exeas</span> <span class='ocrx_word' id='word_1_270' title='bbox 200 2058 226 2106; x_wconf 90' lang='lat' dir='ltr'>et</span> <span class='ocrx_word' id='word_1_271' title='bbox 240 2050 353 2107; x_wconf 89' lang='lat' dir='ltr'>recedas</span> <span class='ocrx_word' id='word_1_272' title='bbox 368 2051 402 2106; x_wconf 93' lang='lat' dir='ltr'>ab</span> <span class='ocrx_word' id='word_1_273' title='bbox 417 2053 469 2109; x_wconf 92' lang='lat' dir='ltr'>boc</span> <span class='ocrx_word' id='word_1_274' title='bbox 493 2052 625 2123; x_wconf 91' lang='lat' dir='ltr'>plasmate</span> <span class='ocrx_word' id='word_1_275' title='bbox 654 2054 714 2111; x_wconf 91' lang='lat' dir='ltr'>Dei.</span> <span class='ocrx_word' id='word_1_276' title='bbox 739 2057 774 2111; x_wconf 88' lang='lat' dir='ltr'>Et</span> <span class='ocrx_word' id='word_1_277' title='bbox 802 2071 864 2112; x_wconf 92' lang='lat' dir='ltr'>cum</span> <span class='ocrx_word' id='word_1_278' title='bbox 914 2053 1017 2110; x_wconf 89' lang='lat' dir='ltr'>litteras</span> <span class='ocrx_word' id='word_1_279' title='bbox 1044 2053 1204 2124; x_wconf 80' lang='lat' dir='ltr'>accepisset,</span> <span class='ocrx_word' id='word_1_280' title='bbox 1236 2054 1293 2109; x_wconf 91' lang='lat' dir='ltr'>tulit</span> <span class='ocrx_word' id='word_1_281' title='bbox 1322 2055 1395 2126; x_wconf 90' lang='lat' dir='ltr'>quod</span> <span class='ocrx_word' id='word_1_282' title='bbox 1430 2070 1481 2126; x_wconf 90' lang='lat' dir='ltr'>pro</span> <span class='ocrx_word' id='word_1_283' title='bbox 1524 2055 1717 2113; x_wconf 87' lang='lat' dir='ltr'>benedictione</span> 
     </span>
     <span class='ocr_line' id='line_1_22' title="bbox 56 2137 1720 2218; baseline 0.004 -24"><span class='ocrx_word' id='word_1_284' title='bbox 56 2137 119 2194; x_wconf 77' lang='lat' dir='ltr'>haec</span> <span class='ocrx_word' id='word_1_285' title='bbox 135 2137 258 2205; x_wconf 84' lang='lat' dir='ltr'>dixisset,</span> <span class='ocrx_word' id='word_1_286' title='bbox 275 2139 401 2210; x_wconf 89' lang='lat' dir='ltr'>aperiens</span> <span class='ocrx_word' id='word_1_287' title='bbox 416 2140 463 2196; x_wconf 90' lang='lat' dir='ltr'>illa</span> <span class='ocrx_word' id='word_1_288' title='bbox 477 2141 571 2197; x_wconf 91' lang='lat' dir='ltr'>oculos</span> <span class='ocrx_word' id='word_1_289' title='bbox 589 2144 709 2214; x_wconf 84' lang='lat' dir='ltr'>respexit</span> <span class='ocrx_word' id='word_1_290' title='bbox 733 2143 762 2198; x_wconf 90' lang='lat' dir='ltr'>in</span> <span class='ocrx_word' id='word_1_291' title='bbox 789 2160 862 2214; x_wconf 88' lang='lat' dir='ltr'>eum,</span> <span class='ocrx_word' id='word_1_292' title='bbox 914 2142 1014 2199; x_wconf 85' lang='lat' dir='ltr'>offerre</span> <span class='ocrx_word' id='word_1_293' title='bbox 1028 2150 1144 2214; x_wconf 88' lang='lat' dir='ltr'>poterat,</span> <span class='ocrx_word' id='word_1_294' title='bbox 1162 2149 1188 2197; x_wconf 90' lang='lat' dir='ltr'>et</span> <span class='ocrx_word' id='word_1_295' title='bbox 1202 2143 1276 2198; x_wconf 90' lang='lat' dir='ltr'>venit</span> <span class='ocrx_word' id='word_1_296' title='bbox 1291 2143 1325 2197; x_wconf 91' lang='lat' dir='ltr'>ad</span> <span class='ocrx_word' id='word_1_297' title='bbox 1338 2160 1400 2199; x_wconf 87' lang='lat' dir='ltr'>eum</span> <span class='ocrx_word' id='word_1_298' title='bbox 1417 2161 1423 2198; x_wconf 95' lang='lat'><strong>:</strong></span> <span class='ocrx_word' id='word_1_299' title='bbox 1440 2152 1467 2200; x_wconf 90' lang='lat' dir='ltr'>et</span> <span class='ocrx_word' id='word_1_300' title='bbox 1481 2144 1578 2200; x_wconf 88' lang='lat' dir='ltr'>oblatis</span> <span class='ocrx_word' id='word_1_301' title='bbox 1603 2144 1720 2218; x_wconf 87' lang='lat' dir='ltr'>eulogiis</span> 
     </span>
     <span class='ocr_line' id='line_1_23' title="bbox 58 2226 1717 2304; baseline 0.005 -23"><span class='ocrx_word' id='word_1_302' title='bbox 58 2233 88 2281; x_wconf 89' lang='lat' dir='ltr'>et</span> <span class='ocrx_word' id='word_1_303' title='bbox 116 2226 230 2297; x_wconf 89' lang='lat' dir='ltr'>spiritus</span> <span class='ocrx_word' id='word_1_304' title='bbox 258 2227 396 2299; x_wconf 85' lang='lat' dir='ltr'>malignus</span> <span class='ocrx_word' id='word_1_305' title='bbox 411 2229 453 2283; x_wconf 92' lang='lat' dir='ltr'>his</span> <span class='ocrx_word' id='word_1_306' title='bbox 469 2229 559 2285; x_wconf 91' lang='lat' dir='ltr'>verbis</span> <span class='ocrx_word' id='word_1_307' title='bbox 574 2247 635 2286; x_wconf 89' lang='lat' dir='ltr'>eum</span> <span class='ocrx_word' id='word_1_308' title='bbox 651 2232 782 2288; x_wconf 87' lang='lat' dir='ltr'>allocutus</span> <span class='ocrx_word' id='word_1_309' title='bbox 797 2241 839 2288; x_wconf 91' lang='lat' dir='ltr'>est</span> <span class='ocrx_word' id='word_1_310' title='bbox 855 2251 862 2288; x_wconf 92' lang='lat'>:</span> <span class='ocrx_word' id='word_1_311' title='bbox 915 2231 1040 2288; x_wconf 88' lang='lat' dir='ltr'>salutavit</span> <span class='ocrx_word' id='word_1_312' title='bbox 1064 2240 1178 2302; x_wconf 88' lang='lat' dir='ltr'>patrem,</span> <span class='ocrx_word' id='word_1_313' title='bbox 1194 2240 1221 2286; x_wconf 90' lang='lat' dir='ltr'>et</span> <span class='ocrx_word' id='word_1_314' title='bbox 1245 2232 1408 2288; x_wconf 89' lang='lat' dir='ltr'>salutatione</span> <span class='ocrx_word' id='word_1_315' title='bbox 1436 2241 1550 2304; x_wconf 91' lang='lat' dir='ltr'>paterna</span> <span class='ocrx_word' id='word_1_316' title='bbox 1573 2241 1615 2288; x_wconf 91' lang='lat' dir='ltr'>est</span> <span class='ocrx_word' id='word_1_317' title='bbox 1627 2235 1717 2290; x_wconf 91' lang='lat' dir='ltr'>hono-</span> 
     </span>
     <span class='ocr_line' id='line_1_24' title="bbox 56 2314 1718 2395; baseline 0.005 -26"><span class='ocrx_word' id='word_1_318' title='bbox 56 2314 138 2370; x_wconf 87' lang='lat' dir='ltr'>Tune</span> <span class='ocrx_word' id='word_1_319' title='bbox 152 2330 192 2382; x_wconf 89' lang='lat' dir='ltr'>es,</span> <span class='ocrx_word' id='word_1_320' title='bbox 210 2315 256 2382; x_wconf 91' lang='lat' dir='ltr'>ait,</span> <span class='ocrx_word' id='word_1_321' title='bbox 274 2315 380 2383; x_wconf 87' lang='lat' dir='ltr'>Gallus,</span> <span class='ocrx_word' id='word_1_322' title='bbox 396 2317 442 2388; x_wconf 93' lang='lat' dir='ltr'>qui</span> <span class='ocrx_word' id='word_1_323' title='bbox 458 2317 492 2373; x_wconf 91' lang='lat' dir='ltr'>de</span> <span class='ocrx_word' id='word_1_324' title='bbox 515 2319 723 2376; x_wconf 87' lang='lat' dir='ltr'>habitationibus</span> <span class='ocrx_word' id='word_1_325' title='bbox 749 2337 793 2377; x_wconf 90' lang='lat' dir='ltr'>me</span> <span class='ocrx_word' id='word_1_326' title='bbox 814 2337 863 2377; x_wconf 90' lang='lat' dir='ltr'>ex·</span> <span class='ocrx_word' id='word_1_327' title='bbox 914 2330 999 2376; x_wconf 88' lang='lat' dir='ltr'>ratus.</span> <span class='ocrx_word' id='word_1_328' title='bbox 1015 2320 1064 2375; x_wconf 86' lang='lat' dir='ltr'>Cui</span> <span class='ocrx_word' id='word_1_329' title='bbox 1092 2320 1268 2390; x_wconf 83' lang='lat' dir='ltr'>interroganti</span> <span class='ocrx_word' id='word_1_330' title='bbox 1296 2321 1384 2375; x_wconf 88' lang='lat' dir='ltr'>virum</span> <span class='ocrx_word' id='word_1_331' title='bbox 1413 2331 1536 2377; x_wconf 88' lang='lat' dir='ltr'>sanctum</span> <span class='ocrx_word' id='word_1_332' title='bbox 1552 2322 1587 2377; x_wconf 92' lang='lat' dir='ltr'>de</span> <span class='ocrx_word' id='word_1_333' title='bbox 1601 2338 1718 2395; x_wconf 83' lang='lat' dir='ltr'>prospe·</span> 
     </span>
     <span class='ocr_line' id='line_1_25' title="bbox 57 2403 1715 2483; baseline 0.005 -26"><span class='ocrx_word' id='word_1_334' title='bbox 57 2403 154 2473; x_wconf 89' lang='lat' dir='ltr'>pulisti</span> <span class='ocrx_word' id='word_1_335' title='bbox 168 2403 330 2474; x_wconf 77' lang='lat' dir='ltr'>prioribus?</span> <span class='ocrx_word' id='word_1_336' title='bbox 354 2407 414 2477; x_wconf 87' lang='lat' dir='ltr'>Ego</span> <span class='ocrx_word' id='word_1_337' title='bbox 438 2405 520 2476; x_wconf 89' lang='lat' dir='ltr'>plane</span> <span class='ocrx_word' id='word_1_338' title='bbox 545 2407 580 2463; x_wconf 91' lang='lat' dir='ltr'>eb</span> <span class='ocrx_word' id='word_1_339' title='bbox 605 2408 735 2465; x_wconf 90' lang='lat' dir='ltr'>ultionem</span> <span class='ocrx_word' id='word_1_340' title='bbox 758 2409 864 2479; x_wconf 86' lang='lat' dir='ltr'>injuriae</span> <span class='ocrx_word' id='word_1_341' title='bbox 913 2409 990 2464; x_wconf 86' lang='lat' dir='ltr'>ritate</span> <span class='ocrx_word' id='word_1_342' title='bbox 1005 2409 1112 2464; x_wconf 90' lang='lat' dir='ltr'>itineris</span> <span class='ocrx_word' id='word_1_343' title='bbox 1127 2409 1195 2477; x_wconf 78' lang='lat' dir='ltr'>cius,</span> <span class='ocrx_word' id='word_1_344' title='bbox 1213 2408 1258 2464; x_wconf 92' lang='lat' dir='ltr'>ille</span> <span class='ocrx_word' id='word_1_345' title='bbox 1274 2409 1415 2480; x_wconf 91' lang='lat' dir='ltr'>respondit</span> <span class='ocrx_word' id='word_1_346' title='bbox 1431 2427 1438 2464; x_wconf 90' lang='lat'>:</span> <span class='ocrx_word' id='word_1_347' title='bbox 1454 2410 1552 2466; x_wconf 91' lang='lat' dir='ltr'>Divina</span> <span class='ocrx_word' id='word_1_348' title='bbox 1577 2425 1628 2466; x_wconf 92' lang='lat' dir='ltr'>nos</span> <span class='ocrx_word' id='word_1_349' title='bbox 1642 2427 1715 2483; x_wconf 85' lang='lat' dir='ltr'>prae-</span> 
     </span>
     <span class='ocr_line' id='line_1_26' title="bbox 60 2490 1718 2571; baseline 0.007 -26"><span class='ocrx_word' id='word_1_350' title='bbox 60 2506 147 2564; x_wconf 91' lang='lat' dir='ltr'>quam</span> <span class='ocrx_word' id='word_1_351' title='bbox 163 2490 217 2546; x_wconf 89' lang='lat' dir='ltr'>dux</span> <span class='ocrx_word' id='word_1_352' title='bbox 232 2492 283 2548; x_wconf 88' lang='lat' dir='ltr'>iste</span> <span class='ocrx_word' id='word_1_353' title='bbox 297 2493 347 2547; x_wconf 90' lang='lat' dir='ltr'>tibi</span> <span class='ocrx_word' id='word_1_354' title='bbox 369 2500 396 2548; x_wconf 90' lang='lat' dir='ltr'>et</span> <span class='ocrx_word' id='word_1_355' title='bbox 423 2496 503 2550; x_wconf 88' lang='lat' dir='ltr'>sociis</span> <span class='ocrx_word' id='word_1_356' title='bbox 532 2497 585 2550; x_wconf 91' lang='lat' dir='ltr'>tuis</span> <span class='ocrx_word' id='word_1_357' title='bbox 612 2497 751 2571; x_wconf 88' lang='lat' dir='ltr'>irrogavit,</span> <span class='ocrx_word' id='word_1_358' title='bbox 782 2496 864 2554; x_wconf 82' lang='lat' dir='ltr'>filiam</span> <span class='ocrx_word' id='word_1_359' title='bbox 914 2498 1039 2555; x_wconf 91' lang='lat' dir='ltr'>veniente</span> <span class='ocrx_word' id='word_1_360' title='bbox 1053 2497 1240 2553; x_wconf 90' lang='lat' dir='ltr'>misericordia</span> <span class='ocrx_word' id='word_1_361' title='bbox 1255 2506 1282 2552; x_wconf 91' lang='lat' dir='ltr'>et</span> <span class='ocrx_word' id='word_1_362' title='bbox 1305 2498 1498 2570; x_wconf 88' lang='lat' dir='ltr'>subsequente,</span> <span class='ocrx_word' id='word_1_363' title='bbox 1528 2507 1625 2555; x_wconf 89' lang='lat' dir='ltr'>cuncta</span> <span class='ocrx_word' id='word_1_364' title='bbox 1654 2515 1718 2571; x_wconf 91' lang='lat' dir='ltr'>pro·</span> 
     </span>
     <span class='ocr_line' id='line_1_27' title="bbox 61 2579 1718 2659; baseline 0.007 -26"><span class='ocrx_word' id='word_1_365' title='bbox 61 2579 155 2650; x_wconf 86' lang='lat' dir='ltr'>ipsius</span> <span class='ocrx_word' id='word_1_366' title='bbox 169 2580 268 2647; x_wconf 86' lang='lat' dir='ltr'>invasi,</span> <span class='ocrx_word' id='word_1_367' title='bbox 284 2589 310 2637; x_wconf 84' lang='lat' dir='ltr'>et</span> <span class='ocrx_word' id='word_1_368' title='bbox 326 2581 365 2637; x_wconf 86' lang='lat' dir='ltr'>sic</span> <span class='ocrx_word' id='word_1_369' title='bbox 380 2582 456 2652; x_wconf 74' lang='lat' dir='ltr'>eJicis</span> <span class='ocrx_word' id='word_1_370' title='bbox 470 2599 514 2639; x_wconf 85' lang='lat' dir='ltr'>ms</span> <span class='ocrx_word' id='word_1_371' title='bbox 528 2584 581 2639; x_wconf 80' lang='lat' dir='ltr'>tsi</span> <span class='ocrx_word' id='word_1_372' title='bbox 603 2585 667 2642; x_wconf 84' lang='lat' dir='ltr'>hine</span> <span class='ocrx_word' id='word_1_373' title='bbox 688 2586 791 2653; x_wconf 84' lang='lat' dir='ltr'>exiero,</span> <span class='ocrx_word' id='word_1_374' title='bbox 810 2602 865 2659; x_wconf 88' lang='lat' dir='ltr'>quo</span> <span class='ocrx_word' id='word_1_375' title='bbox 915 2599 995 2653; x_wconf 84' lang='lat' dir='ltr'>spere</span> <span class='ocrx_word' id='word_1_376' title='bbox 1010 2589 1203 2653; x_wconf 82' lang='lat' dir='ltr'>provenerunt·</span> <span class='ocrx_word' id='word_1_377' title='bbox 1220 2581 1289 2636; x_wconf 85' lang='lat' dir='ltr'>Nam</span> <span class='ocrx_word' id='word_1_378' title='bbox 1313 2598 1376 2638; x_wconf 87' lang='lat' dir='ltr'>cnm</span> <span class='ocrx_word' id='word_1_379' title='bbox 1404 2598 1509 2638; x_wconf 85' lang='lat' dir='ltr'>summa</span> <span class='ocrx_word' id='word_1_380' title='bbox 1537 2582 1718 2656; x_wconf 79' lang='lat' dir='ltr'>gratulatione</span> 
     </span>
     <span class='ocr_line' id='line_1_28' title="bbox 59 2666 1717 2746; baseline 0.003 -23"><span class='ocrx_word' id='word_1_381' title='bbox 59 2666 186 2723; x_wconf 76' lang='lat' dir='ltr'>vadam?</span> <span class='ocrx_word' id='word_1_382' title='bbox 200 2669 275 2735; x_wconf 80' lang='lat' dir='ltr'>Uluc,</span> <span class='ocrx_word' id='word_1_383' title='bbox 292 2669 339 2735; x_wconf 90' lang='lat' dir='ltr'>ait,</span> <span class='ocrx_word' id='word_1_384' title='bbox 354 2669 401 2725; x_wconf 93' lang='lat' dir='ltr'>ubi</span> <span class='ocrx_word' id='word_1_385' title='bbox 416 2670 465 2725; x_wconf 92' lang='lat' dir='ltr'>tibi</span> <span class='ocrx_word' id='word_1_386' title='bbox 479 2680 590 2742; x_wconf 90' lang='lat' dir='ltr'>paratur</span> <span class='ocrx_word' id='word_1_387' title='bbox 603 2673 630 2727; x_wconf 92' lang='lat' dir='ltr'>in</span> <span class='ocrx_word' id='word_1_388' title='bbox 648 2674 746 2746; x_wconf 80' lang='lat' dir='ltr'>abysso</span> <span class='ocrx_word' id='word_1_389' title='bbox 761 2675 865 2746; x_wconf 91' lang='lat' dir='ltr'>suppli·</span> <span class='ocrx_word' id='word_1_390' title='bbox 915 2671 1035 2742; x_wconf 89' lang='lat' dir='ltr'>suscepit</span> <span class='ocrx_word' id='word_1_391' title='bbox 1054 2685 1105 2725; x_wconf 91' lang='lat' dir='ltr'>nos</span> <span class='ocrx_word' id='word_1_392' title='bbox 1128 2670 1265 2741; x_wconf 87' lang='lat' dir='ltr'>princeps,</span> <span class='ocrx_word' id='word_1_393' title='bbox 1290 2677 1315 2725; x_wconf 91' lang='lat' dir='ltr'>et</span> <span class='ocrx_word' id='word_1_394' title='bbox 1338 2670 1435 2741; x_wconf 89' lang='lat' dir='ltr'>eripuit</span> <span class='ocrx_word' id='word_1_395' title='bbox 1455 2672 1529 2726; x_wconf 93' lang='lat' dir='ltr'>Deus</span> <span class='ocrx_word' id='word_1_396' title='bbox 1553 2670 1637 2727; x_wconf 86' lang='lat' dir='ltr'>filiam</span> <span class='ocrx_word' id='word_1_397' title='bbox 1659 2672 1717 2741; x_wconf 86' lang='lat' dir='ltr'>ejus</span> 
     </span>
     <span class='ocr_line' id='line_1_29' title="bbox 60 2757 1715 2830; baseline 0.003 -19"><span class='ocrx_word' id='word_1_398' title='bbox 60 2757 138 2812; x_wconf 93' lang='lat' dir='ltr'>cium</span> <span class='ocrx_word' id='word_1_399' title='bbox 152 2758 349 2828; x_wconf 88' lang='lat' dir='ltr'>sempiternum</span> <span class='ocrx_word' id='word_1_400' title='bbox 363 2773 380 2813; x_wconf 92' lang='lat' dir='ltr'>a</span> <span class='ocrx_word' id='word_1_401' title='bbox 394 2760 519 2816; x_wconf 89' lang='lat' dir='ltr'>Domino.</span> <span class='ocrx_word' id='word_1_402' title='bbox 536 2762 571 2816; x_wconf 84' lang='lat' dir='ltr'>Et</span> <span class='ocrx_word' id='word_1_403' title='bbox 590 2763 689 2827; x_wconf 89' lang='lat' dir='ltr'>statim,</span> <span class='ocrx_word' id='word_1_404' title='bbox 711 2764 865 2819; x_wconf 83' lang='lat' dir='ltr'>videntibus</span> <span class='ocrx_word' id='word_1_405' title='bbox 915 2759 1090 2826; x_wconf 80' lang='lat' dir='ltr'>adaenronio,</span> <span class='ocrx_word' id='word_1_406' title='bbox 1108 2767 1134 2813; x_wconf 92' lang='lat' dir='ltr'>et</span> <span class='ocrx_word' id='word_1_407' title='bbox 1147 2759 1206 2830; x_wconf 89' lang='lat' dir='ltr'>ipse</span> <span class='ocrx_word' id='word_1_408' title='bbox 1221 2757 1295 2813; x_wconf 90' lang='lat' dir='ltr'>dedit</span> <span class='ocrx_word' id='word_1_409' title='bbox 1308 2758 1387 2814; x_wconf 90' lang='lat' dir='ltr'>nobis</span> <span class='ocrx_word' id='word_1_410' title='bbox 1413 2759 1487 2816; x_wconf 90' lang='lat' dir='ltr'>dona</span> <span class='ocrx_word' id='word_1_411' title='bbox 1514 2775 1569 2815; x_wconf 92' lang='lat' dir='ltr'>non</span> <span class='ocrx_word' id='word_1_412' title='bbox 1598 2761 1715 2827; x_wconf 91' lang='lat' dir='ltr'>modica,</span> 
     </span>
     <span class='ocr_line' id='line_1_30' title="bbox 60 2845 1717 2926; baseline 0.005 -28"><span class='ocrx_word' id='word_1_413' title='bbox 60 2845 109 2917; x_wconf 91' lang='lat' dir='ltr'>qui</span> <span class='ocrx_word' id='word_1_414' title='bbox 124 2845 248 2913; x_wconf 85' lang='lat' dir='ltr'>aderant,</span> <span class='ocrx_word' id='word_1_415' title='bbox 264 2847 346 2902; x_wconf 89' lang='lat' dir='ltr'>exivit</span> <span class='ocrx_word' id='word_1_416' title='bbox 360 2846 394 2902; x_wconf 89' lang='lat' dir='ltr'>da</span> <span class='ocrx_word' id='word_1_417' title='bbox 410 2863 458 2904; x_wconf 91' lang='lat' dir='ltr'>ore</span> <span class='ocrx_word' id='word_1_418' title='bbox 473 2850 571 2920; x_wconf 85' lang='lat' dir='ltr'>puellae</span> <span class='ocrx_word' id='word_1_419' title='bbox 587 2852 663 2922; x_wconf 87' lang='lat' dir='ltr'>quasi</span> <span class='ocrx_word' id='word_1_420' title='bbox 686 2851 745 2907; x_wconf 91' lang='lat' dir='ltr'>avis</span> <span class='ocrx_word' id='word_1_421' title='bbox 770 2853 865 2926; x_wconf 86' lang='lat' dir='ltr'>niger·</span> <span class='ocrx_word' id='word_1_422' title='bbox 915 2855 941 2902; x_wconf 91' lang='lat' dir='ltr'>et</span> <span class='ocrx_word' id='word_1_423' title='bbox 956 2848 1065 2919; x_wconf 89' lang='lat' dir='ltr'>insuper</span> <span class='ocrx_word' id='word_1_424' title='bbox 1088 2847 1183 2903; x_wconf 90' lang='lat' dir='ltr'>obtulit</span> <span class='ocrx_word' id='word_1_425' title='bbox 1209 2847 1275 2902; x_wconf 83' lang='lat' dir='ltr'>milri</span> <span class='ocrx_word' id='word_1_426' title='bbox 1303 2847 1475 2919; x_wconf 87' lang='lat' dir='ltr'>episcopatus</span> <span class='ocrx_word' id='word_1_427' title='bbox 1488 2850 1622 2905; x_wconf 90' lang='lat' dir='ltr'>honorem</span> <span class='ocrx_word' id='word_1_428' title='bbox 1639 2866 1645 2902; x_wconf 95' lang='lat'><strong>:</strong></span> <span class='ocrx_word' id='word_1_429' title='bbox 1664 2864 1717 2923; x_wconf 85' lang='lat' dir='ltr'>ego</span> 
     </span>
     <span class='ocr_line' id='line_1_31' title="bbox 56 2932 1715 3009; baseline 0.002 -21"><span class='ocrx_word' id='word_1_430' title='bbox 56 2932 132 2989; x_wconf 91' lang='lat' dir='ltr'>rima</span> <span class='ocrx_word' id='word_1_431' title='bbox 159 2943 186 2990; x_wconf 93' lang='lat' dir='ltr'>et</span> <span class='ocrx_word' id='word_1_432' title='bbox 213 2935 329 2991; x_wconf 93' lang='lat' dir='ltr'>horrore</span> <span class='ocrx_word' id='word_1_433' title='bbox 344 2936 484 2992; x_wconf 88' lang='lat' dir='ltr'>terribilis.</span> <span class='ocrx_word' id='word_1_434' title='bbox 511 2939 584 2993; x_wconf 88' lang='lat' dir='ltr'>Hora</span> <span class='ocrx_word' id='word_1_435' title='bbox 599 2940 695 2995; x_wconf 89' lang='lat' dir='ltr'>eadem</span> <span class='ocrx_word' id='word_1_436' title='bbox 718 2956 785 2996; x_wconf 88' lang='lat' dir='ltr'>sana</span> <span class='ocrx_word' id='word_1_437' title='bbox 800 2956 864 2997; x_wconf 90' lang='lat' dir='ltr'>sur·</span> <span class='ocrx_word' id='word_1_438' title='bbox 915 2951 1050 2992; x_wconf 87' lang='lat' dir='ltr'>veronen</span> <span class='ocrx_word' id='word_1_439' title='bbox 1074 2935 1201 2992; x_wconf 90' lang='lat' dir='ltr'>consensi</span> <span class='ocrx_word' id='word_1_440' title='bbox 1225 2936 1366 3008; x_wconf 84' lang='lat' dir='ltr'>suscipere</span> <span class='ocrx_word' id='word_1_441' title='bbox 1393 2944 1455 2993; x_wconf 89' lang='lat' dir='ltr'>ante</span> <span class='ocrx_word' id='word_1_442' title='bbox 1482 2945 1650 3009; x_wconf 79' lang='lat' dir='ltr'>preceptum</span> <span class='ocrx_word' id='word_1_443' title='bbox 1664 2937 1715 2992; x_wconf 88' lang='lat' dir='ltr'>ab·</span> 
     </span>
     <span class='ocr_line' id='line_1_32' title="bbox 57 3022 1716 3100; baseline 0.004 -24"><span class='ocrx_word' id='word_1_444' title='bbox 57 3022 144 3088; x_wconf 83' lang='lat' dir='ltr'>rexit,</span> <span class='ocrx_word' id='word_1_445' title='bbox 160 3032 218 3078; x_wconf 90' lang='lat' dir='ltr'>eta</span> <span class='ocrx_word' id='word_1_446' title='bbox 239 3023 298 3080; x_wconf 91' lang='lat' dir='ltr'>viro</span> <span class='ocrx_word' id='word_1_447' title='bbox 322 3024 372 3081; x_wconf 91' lang='lat' dir='ltr'>Dei</span> <span class='ocrx_word' id='word_1_448' title='bbox 395 3026 519 3098; x_wconf 84' lang='lat' dir='ltr'>gaudens</span> <span class='ocrx_word' id='word_1_449' title='bbox 543 3027 673 3100; x_wconf 90' lang='lat' dir='ltr'>gaudenti</span> <span class='ocrx_word' id='word_1_450' title='bbox 696 3030 802 3086; x_wconf 86' lang='lat' dir='ltr'>reddita</span> <span class='ocrx_word' id='word_1_451' title='bbox 825 3037 866 3086; x_wconf 91' lang='lat' dir='ltr'>est</span> <span class='ocrx_word' id='word_1_452' title='bbox 915 3024 987 3080; x_wconf 90' lang='lat' dir='ltr'>batis</span> <span class='ocrx_word' id='word_1_453' title='bbox 1001 3025 1065 3081; x_wconf 90' lang='lat' dir='ltr'>mei.</span> <span class='ocrx_word' id='word_1_454' title='bbox 1081 3027 1166 3098; x_wconf 87' lang='lat' dir='ltr'>Ergo,</span> <span class='ocrx_word' id='word_1_455' title='bbox 1183 3023 1230 3093; x_wconf 87' lang='lat' dir='ltr'>fili,</span> <span class='ocrx_word' id='word_1_456' title='bbox 1247 3026 1392 3097; x_wconf 89' lang='lat' dir='ltr'>acquiesce</span> <span class='ocrx_word' id='word_1_457' title='bbox 1407 3025 1527 3082; x_wconf 90' lang='lat' dir='ltr'>consiliis</span> <span class='ocrx_word' id='word_1_458' title='bbox 1542 3026 1629 3093; x_wconf 87' lang='lat' dir='ltr'>meis;</span> <span class='ocrx_word' id='word_1_459' title='bbox 1655 3035 1716 3083; x_wconf 90' lang='lat' dir='ltr'>esto</span> 
     </span>
     <span class='ocr_line' id='line_1_33' title="bbox 58 3091 1718 3185; baseline 0.004 -19"><span class='ocrx_word' id='word_1_460' title='bbox 58 3110 154 3166; x_wconf 83' lang='lat' dir='ltr'>matti.</span> <span class='ocrx_word' id='word_1_461' title='bbox 882 3091 1033 3181; x_wconf 86' lang='lat' dir='ltr'>Cmecum,</span> <span class='ocrx_word' id='word_1_462' title='bbox 1051 3124 1077 3170; x_wconf 92' lang='lat' dir='ltr'>et</span> <span class='ocrx_word' id='word_1_463' title='bbox 1090 3114 1152 3185; x_wconf 84' lang='lat' dir='ltr'>lege</span> <span class='ocrx_word' id='word_1_464' title='bbox 1168 3113 1267 3168; x_wconf 84' lang='lat' dir='ltr'>divinae</span> <span class='ocrx_word' id='word_1_465' title='bbox 1295 3113 1381 3170; x_wconf 92' lang='lat' dir='ltr'>libros</span> <span class='ocrx_word' id='word_1_466' title='bbox 1395 3113 1525 3181; x_wconf 70' lang='lat' dir='ltr'>scientiae,</span> <span class='ocrx_word' id='word_1_467' title='bbox 1555 3123 1581 3170; x_wconf 90' lang='lat' dir='ltr'>et</span> <span class='ocrx_word' id='word_1_468' title='bbox 1611 3114 1718 3172; x_wconf 88' lang='lat' dir='ltr'>docebo</span> 
     </span>
     <span class='ocr_line' id='line_1_34' title="bbox 358 3203 1718 3304; baseline 0 -46"><span class='ocrx_word' id='word_1_469' title='bbox 358 3243 470 3304; x_wconf 61' lang='lat' dir='ltr'><strong>CAPUT</strong></span> <span class='ocrx_word' id='word_1_470' title='bbox 489 3246 555 3303; x_wconf 67' lang='lat' dir='ltr'>XIX</span> <span class='ocrx_word' id='word_1_471' title='bbox 915 3210 951 3271; x_wconf 91' lang='lat' dir='ltr'>te,</span> <span class='ocrx_word' id='word_1_472' title='bbox 967 3212 1130 3275; x_wconf 87' lang='lat' dir='ltr'>cooperante</span> <span class='ocrx_word' id='word_1_473' title='bbox 1145 3203 1232 3276; x_wconf 89' lang='lat' dir='ltr'>gratia</span> <span class='ocrx_word' id='word_1_474' title='bbox 1259 3203 1318 3273; x_wconf 87' lang='lat' dir='ltr'>Dei,</span> <span class='ocrx_word' id='word_1_475' title='bbox 1344 3203 1549 3275; x_wconf 88' lang='lat' dir='ltr'>intelligentiam</span> <span class='ocrx_word' id='word_1_476' title='bbox 1564 3203 1718 3276; x_wconf 89' lang='lat' dir='ltr'>Scriptura-</span> 
     </span>
     <span class='ocr_line' id='line_1_35' title="bbox 559 3289 1718 3364; baseline 0.003 -19"><span class='ocrx_word' id='word_1_477' title='bbox 559 3289 566 3303; x_wconf 73' lang='lat'><strong>·</strong></span> <span class='ocrx_word' id='word_1_478' title='bbox 915 3308 986 3347; x_wconf 90' lang='lat' dir='ltr'>rum.</span> <span class='ocrx_word' id='word_1_479' title='bbox 1011 3291 1115 3347; x_wconf 87' lang='lat' dir='ltr'>Cecidit</span> <span class='ocrx_word' id='word_1_480' title='bbox 1141 3300 1232 3347; x_wconf 89' lang='lat' dir='ltr'>autern</span> <span class='ocrx_word' id='word_1_481' title='bbox 1261 3292 1391 3348; x_wconf 89' lang='lat' dir='ltr'>diaconus</span> <span class='ocrx_word' id='word_1_482' title='bbox 1406 3293 1441 3348; x_wconf 91' lang='lat' dir='ltr'>ad</span> <span class='ocrx_word' id='word_1_483' title='bbox 1462 3291 1547 3364; x_wconf 92' lang='lat' dir='ltr'>pedes</span> <span class='ocrx_word' id='word_1_484' title='bbox 1576 3293 1634 3362; x_wconf 91' lang='lat' dir='ltr'>ejus</span> <span class='ocrx_word' id='word_1_485' title='bbox 1650 3308 1718 3364; x_wconf 85' lang='lat' dir='ltr'>gra·</span> 
     </span>
     <span class='ocr_line' id='line_1_36' title="bbox 64 3377 1721 3456; baseline 0.003 -24"><span class='ocrx_word' id='word_1_486' title='bbox 64 3377 248 3446; x_wconf 76' lang='lat' dir='ltr'>Qatarctionc</span> <span class='ocrx_word' id='word_1_487' title='bbox 255 3378 380 3435; x_wconf 80' lang='lat' dir='ltr'>oblatum</span> <span class='ocrx_word' id='word_1_488' title='bbox 387 3381 564 3454; x_wconf 83' lang='lat' dir='ltr'>episcopatos</span> <span class='ocrx_word' id='word_1_489' title='bbox 573 3382 706 3439; x_wconf 81' lang='lat' dir='ltr'>honorent</span> <span class='ocrx_word' id='word_1_490' title='bbox 712 3385 863 3456; x_wconf 82' lang='lat' dir='ltr'>respuerit,</span> <span class='ocrx_word' id='word_1_491' title='bbox 916 3379 968 3435; x_wconf 91' lang='lat' dir='ltr'>tias</span> <span class='ocrx_word' id='word_1_492' title='bbox 980 3396 1075 3452; x_wconf 89' lang='lat' dir='ltr'>agens,</span> <span class='ocrx_word' id='word_1_493' title='bbox 1093 3379 1211 3453; x_wconf 88' lang='lat' dir='ltr'>fecitque</span> <span class='ocrx_word' id='word_1_494' title='bbox 1223 3381 1315 3436; x_wconf 90' lang='lat' dir='ltr'>redire</span> <span class='ocrx_word' id='word_1_495' title='bbox 1328 3381 1358 3435; x_wconf 92' lang='lat' dir='ltr'>in</span> <span class='ocrx_word' id='word_1_496' title='bbox 1372 3397 1421 3436; x_wconf 94' lang='lat' dir='ltr'>sua</span> <span class='ocrx_word' id='word_1_497' title='bbox 1450 3397 1552 3453; x_wconf 88' lang='lat' dir='ltr'>pueros</span> <span class='ocrx_word' id='word_1_498' title='bbox 1566 3381 1613 3454; x_wconf 93' lang='lat' dir='ltr'>qui</span> <span class='ocrx_word' id='word_1_499' title='bbox 1627 3397 1721 3437; x_wconf 89' lang='lat' dir='ltr'>secum</span> 
     </span>
     <span class='ocr_line' id='line_1_37' title="bbox 99 3467 1719 3542; baseline 0.004 -21"><span class='ocrx_word' id='word_1_500' title='bbox 99 3469 131 3521; x_wconf 84' lang='lat' dir='ltr'>ct</span> <span class='ocrx_word' id='word_1_501' title='bbox 144 3467 278 3538; x_wconf 79' lang='lat' dir='ltr'>quomodo</span> <span class='ocrx_word' id='word_1_502' title='bbox 289 3469 460 3541; x_wconf 83' lang='lat' dir='ltr'>paoperibus</span> <span class='ocrx_word' id='word_1_503' title='bbox 475 3468 549 3526; x_wconf 86' lang='lat' dir='ltr'>dono</span> <span class='ocrx_word' id='word_1_504' title='bbox 573 3470 653 3526; x_wconf 82' lang='lat' dir='ltr'>dacis</span> <span class='ocrx_word' id='word_1_505' title='bbox 675 3471 863 3542; x_wconf 81' lang='lat' dir='ltr'>distribuerit,</span> <span class='ocrx_word' id='word_1_506' title='bbox 915 3478 1068 3536; x_wconf 79' lang='lat' dir='ltr'>venerunt3</span> <span class='ocrx_word' id='word_1_507' title='bbox 1096 3469 1155 3540; x_wconf 94' lang='lat' dir='ltr'>ipse</span> <span class='ocrx_word' id='word_1_508' title='bbox 1183 3484 1249 3525; x_wconf 89' lang='lat' dir='ltr'>vero</span> <span class='ocrx_word' id='word_1_509' title='bbox 1272 3470 1402 3526; x_wconf 86' lang='lat' dir='ltr'>remansit</span> <span class='ocrx_word' id='word_1_510' title='bbox 1426 3470 1500 3540; x_wconf 91' lang='lat' dir='ltr'>apud</span> <span class='ocrx_word' id='word_1_511' title='bbox 1529 3470 1617 3526; x_wconf 91' lang='lat' dir='ltr'>virum</span> <span class='ocrx_word' id='word_1_512' title='bbox 1633 3486 1719 3527; x_wconf 91' lang='lat' dir='ltr'>vene·</span> 
     </span>
     <span class='ocr_line' id='line_1_38' title="bbox 99 3553 1718 3629; baseline 0.003 -20"><span class='ocrx_word' id='word_1_513' title='bbox 99 3553 274 3627; x_wconf 78' lang='lat' dir='ltr'>discipulam</span> <span class='ocrx_word' id='word_1_514' title='bbox 288 3555 324 3610; x_wconf 86' lang='lat' dir='ltr'>ad</span> <span class='ocrx_word' id='word_1_515' title='bbox 338 3556 543 3629; x_wconf 79' lang='lat' dir='ltr'>eleemosynam</span> <span class='ocrx_word' id='word_1_516' title='bbox 559 3557 746 3616; x_wconf 80' lang='lat' dir='ltr'>hortctnssit.</span> <span class='ocrx_word' id='word_1_517' title='bbox 914 3558 1039 3625; x_wconf 88' lang='lat' dir='ltr'>rabilem,</span> <span class='ocrx_word' id='word_1_518' title='bbox 1068 3567 1094 3613; x_wconf 91' lang='lat' dir='ltr'>et</span> <span class='ocrx_word' id='word_1_519' title='bbox 1122 3558 1167 3613; x_wconf 93' lang='lat' dir='ltr'>ille</span> <span class='ocrx_word' id='word_1_520' title='bbox 1197 3558 1279 3629; x_wconf 85' lang='lat' dir='ltr'>coepit</span> <span class='ocrx_word' id='word_1_521' title='bbox 1305 3575 1366 3613; x_wconf 92' lang='lat' dir='ltr'>eum</span> <span class='ocrx_word' id='word_1_522' title='bbox 1381 3559 1553 3614; x_wconf 88' lang='lat' dir='ltr'>introducere</span> <span class='ocrx_word' id='word_1_523' title='bbox 1567 3559 1597 3612; x_wconf 92' lang='lat' dir='ltr'>in</span> <span class='ocrx_word' id='word_1_524' title='bbox 1610 3558 1718 3614; x_wconf 81' lang='lat' dir='ltr'>cellaria</span> 
     </span>
    </p>
   </div>
   <div class='ocr_carea' id='block_1_5' title="bbox 101 3646 1720 3758">
    <p class='ocr_par' dir='ltr' id='par_1_7' title="bbox 101 3646 1720 3758">
     <span class='ocr_line' id='line_1_39' title="bbox 101 3646 1720 3758; baseline 0.004 -63"><span class='ocrx_word' id='word_1_525' title='bbox 101 3677 337 3750; x_wconf 46' lang='lat' dir='ltr'>ffisimpatmtis,</span> <span class='ocrx_word' id='word_1_526' title='bbox 361 3681 508 3751; x_wconf 47' lang='lat' dir='ltr'><strong>dms-ussit</strong></span> <span class='ocrx_word' id='word_1_527' title='bbox 535 3683 561 3738; x_wconf 61' lang='lat' dir='ltr'>ei</span> <span class='ocrx_word' id='word_1_528' title='bbox 587 3682 680 3739; x_wconf 61' lang='lat' dir='ltr'>offerri</span> <span class='ocrx_word' id='word_1_529' title='bbox 707 3684 778 3740; x_wconf 61' lang='lat' dir='ltr'>dona</span> <span class='ocrx_word' id='word_1_530' title='bbox 804 3702 865 3758; x_wconf 68' lang='lat' dir='ltr'>quae</span> <span class='ocrx_word' id='word_1_531' title='bbox 916 3647 1124 3719; x_wconf 81' lang='lat' dir='ltr'>scripturarum,</span> <span class='ocrx_word' id='word_1_532' title='bbox 1150 3648 1297 3702; x_wconf 89' lang='lat' dir='ltr'>ostendens</span> <span class='ocrx_word' id='word_1_533' title='bbox 1312 3647 1338 3702; x_wconf 89' lang='lat' dir='ltr'>ei</span> <span class='ocrx_word' id='word_1_534' title='bbox 1352 3646 1422 3702; x_wconf 92' lang='lat' dir='ltr'>Novi</span> <span class='ocrx_word' id='word_1_535' title='bbox 1437 3655 1464 3702; x_wconf 91' lang='lat' dir='ltr'>et</span> <span class='ocrx_word' id='word_1_536' title='bbox 1478 3647 1586 3702; x_wconf 86' lang='lat' dir='ltr'>Veteris</span> <span class='ocrx_word' id='word_1_537' title='bbox 1614 3647 1720 3702; x_wconf 86' lang='lat' dir='ltr'>occulta</span> 
     </span>
    </p>
   </div>
   <div class='ocr_carea' id='block_1_6' title="bbox 63 3734 1717 3845">
    <p class='ocr_par' dir='ltr' id='par_1_8' title="bbox 63 3734 1717 3845">
     <span class='ocr_line' id='line_1_40' title="bbox 63 3734 1717 3845; baseline -0.019 -24"><span class='ocrx_word' id='word_1_538' title='bbox 63 3781 116 3822; x_wconf 84' lang='lat' dir='ltr'>rex</span> <span class='ocrx_word' id='word_1_539' title='bbox 130 3765 228 3838; x_wconf 84' lang='lat' dir='ltr'>puellae</span> <span class='ocrx_word' id='word_1_540' title='bbox 242 3768 437 3825; x_wconf 88' lang='lat' dir='ltr'>transmiserat.</span> <span class='ocrx_word' id='word_1_541' title='bbox 454 3779 480 3826; x_wconf 93' lang='lat' dir='ltr'>et</span> <span class='ocrx_word' id='word_1_542' title='bbox 493 3770 647 3844; x_wconf 89' lang='lat' dir='ltr'>insuperut</span> <span class='ocrx_word' id='word_1_543' title='bbox 669 3773 775 3845; x_wconf 85' lang='lat' dir='ltr'>apicem</span> <span class='ocrx_word' id='word_1_544' title='bbox 792 3790 864 3845; x_wconf 70' lang='lat' dir='ltr'>pon,</span> <span class='ocrx_word' id='word_1_545' title='bbox 915 3736 1092 3791; x_wconf 87' lang='lat' dir='ltr'>Testamenti.</span> <span class='ocrx_word' id='word_1_546' title='bbox 1127 3738 1247 3806; x_wconf 90' lang='lat' dir='ltr'>Superna</span> <span class='ocrx_word' id='word_1_547' title='bbox 1278 3736 1368 3807; x_wconf 90' lang='lat' dir='ltr'>itaque</span> <span class='ocrx_word' id='word_1_548' title='bbox 1390 3735 1538 3790; x_wconf 89' lang='lat' dir='ltr'>illustratus</span> <span class='ocrx_word' id='word_1_549' title='bbox 1565 3734 1717 3804; x_wconf 86' lang='lat' dir='ltr'>clementia,</span> 
     </span>
    </p>
   </div>
   <div class='ocr_carea' id='block_1_7' title="bbox 63 3822 1720 4018">
    <p class='ocr_par' dir='ltr' id='par_1_9' title="bbox 63 3822 1720 4018">
     <span class='ocr_line' id='line_1_41' title="bbox 63 3822 1719 3933; baseline 0.007 -23"><span class='ocrx_word' id='word_1_550' title='bbox 63 3852 185 3911; x_wconf 80' lang='lat' dir='ltr'>tiiioatus</span> <span class='ocrx_word' id='word_1_551' title='bbox 199 3856 301 3929; x_wconf 88' lang='lat' dir='ltr'>gradus</span> <span class='ocrx_word' id='word_1_552' title='bbox 315 3857 475 3931; x_wconf 88' lang='lat' dir='ltr'>dignaretur</span> <span class='ocrx_word' id='word_1_553' title='bbox 489 3875 631 3915; x_wconf 89' lang='lat' dir='ltr'>assumere</span> <span class='ocrx_word' id='word_1_554' title='bbox 652 3861 806 3933; x_wconf 90' lang='lat' dir='ltr'>postulavit.</span> <span class='ocrx_word' id='word_1_555' title='bbox 823 3861 865 3918; x_wconf 86' lang='lat' dir='ltr'>xd</span> <span class='ocrx_word' id='word_1_556' title='bbox 914 3825 979 3924; x_wconf 43' lang='lat'>¹³⁰²}</span> <span class='ocrx_word' id='word_1_557' title='bbox 994 3825 1145 3925; x_wconf 50' lang='grc' dir='ltr'>1118ἷί31Ῡῷ</span> <span class='ocrx_word' id='word_1_558' title='bbox 1161 3823 1275 3924; x_wconf 45' lang='grc' dir='ltr'>ρΐοῖῗῧὴ</span> <span class='ocrx_word' id='word_1_559' title='bbox 1289 3842 1298 3879; x_wconf 88' lang='lat'><strong>¹</strong></span> <span class='ocrx_word' id='word_1_560' title='bbox 1300 3824 1429 3924; x_wconf 42' lang='lat' dir='ltr'>”munii</span> <span class='ocrx_word' id='word_1_561' title='bbox 1442 3824 1513 3880; x_wconf 65' lang='lat' dir='ltr'>⁸d⁹⁰</span> <span class='ocrx_word' id='word_1_562' title='bbox 1533 3830 1563 3923; x_wconf 61' lang='lat' dir='ltr'>m.</span> <span class='ocrx_word' id='word_1_563' title='bbox 1588 3823 1617 3878; x_wconf 64' lang='lat' dir='ltr'>in</span> <span class='ocrx_word' id='word_1_564' title='bbox 1644 3822 1719 3921; x_wconf 47' lang='lat' dir='ltr'>⁰³¹¹.st</span> 
     </span>
     <span class='ocr_line' id='line_1_42' title="bbox 65 3911 1720 4018; baseline 0.004 -56"><span class='ocrx_word' id='word_1_565' title='bbox 65 3942 305 4014; x_wconf 59' lang='lat' dir='ltr'>quodvirbeams</span> <span class='ocrx_word' id='word_1_566' title='bbox 319 3945 357 4000; x_wconf 58' lang='lat' dir='ltr'>im</span> <span class='ocrx_word' id='word_1_567' title='bbox 371 3947 513 4018; x_wconf 55' lang='lat' dir='ltr'>respondi,</span> <span class='ocrx_word' id='word_1_568' title='bbox 537 3966 544 4003; x_wconf 91' lang='lat'><strong>:</strong></span> <span class='ocrx_word' id='word_1_569' title='bbox 569 3948 683 4005; x_wconf 63' lang='lat' dir='ltr'><strong>Viveme</strong></span> <span class='ocrx_word' id='word_1_570' title='bbox 705 3951 814 4006; x_wconf 63' lang='lat' dir='ltr'>domino</span> <span class='ocrx_word' id='word_1_571' title='bbox 838 3958 866 4006; x_wconf 58' lang='lat' dir='ltr'>e,</span> <span class='ocrx_word' id='word_1_572' title='bbox 916 3914 1063 3986; x_wconf 82' lang='lat' dir='ltr'>Scnpturae</span> <span class='ocrx_word' id='word_1_573' title='bbox 1077 3915 1176 3970; x_wconf 86' lang='lat' dir='ltr'>dxvmae</span> <span class='ocrx_word' id='word_1_574' title='bbox 1191 3914 1331 3970; x_wconf 76' lang='lat' dir='ltr'>latitudine</span> <span class='ocrx_word' id='word_1_575' title='bbox 1346 3914 1474 3970; x_wconf 77' lang='lat' dir='ltr'>nobiliter</span> <span class='ocrx_word' id='word_1_576' title='bbox 1487 3911 1720 3969; x_wconf 79' lang='lat' dir='ltr'>erudituslabons</span> 
     </span>
    </p>
   </div>
   <div class='ocr_carea' id='block_1_8' title="bbox 794 4002 1316 4097">
    <p class='ocr_par' dir='ltr' id='par_1_10' title="bbox 794 4002 1316 4097">
     <span class='ocr_line' id='line_1_43' title="bbox 794 4002 1316 4097; baseline 0.004 -41"><span class='ocrx_word' id='word_1_577' title='bbox 794 4038 865 4097; x_wconf 57' lang='lat' dir='ltr'><strong>cium</strong></span> <span class='ocrx_word' id='word_1_578' title='bbox 914 4003 1022 4075; x_wconf 91' lang='lat' dir='ltr'>paterni</span> <span class='ocrx_word' id='word_1_579' title='bbox 1036 4002 1145 4060; x_wconf 83' lang='lat' dir='ltr'>fructus</span> <span class='ocrx_word' id='word_1_580' title='bbox 1156 4003 1316 4060; x_wconf 90' lang='lat' dir='ltr'>ostenderit.</span> 
     </span>
    </p>
   </div>
   <div class='ocr_carea' id='block_1_9' title="bbox 62 4033 1725 5704">
    <p class='ocr_par' dir='ltr' id='par_1_11' title="bbox 64 4033 1419 4199">
     <span class='ocr_line' id='line_1_44' title="bbox 64 4033 792 4103; baseline 0.012 -18"><span class='ocrx_word' id='word_1_581' title='bbox 64 4037 144 4103; x_wconf 89' lang='lat' dir='ltr'>patre</span> <span class='ocrx_word' id='word_1_582' title='bbox 158 4047 221 4088; x_wconf 92' lang='lat' dir='ltr'>meo</span> <span class='ocrx_word' id='word_1_583' title='bbox 247 4033 424 4102; x_wconf 82' lang='lat' dir='ltr'>columbano,</span> <span class='ocrx_word' id='word_1_584' title='bbox 449 4035 623 4092; x_wconf 88' lang='lat' dir='ltr'>interdictum</span> <span class='ocrx_word' id='word_1_585' title='bbox 638 4038 731 4093; x_wconf 89' lang='lat' dir='ltr'>altaris</span> <span class='ocrx_word' id='word_1_586' title='bbox 746 4037 792 4095; x_wconf 86' lang='lat' dir='ltr'>oili</span> 
     </span>
     <span class='ocr_line' id='line_1_45' title="bbox 65 4119 1419 4199; baseline 0.007 -25"><span class='ocrx_word' id='word_1_587' title='bbox 65 4135 123 4175; x_wconf 90' lang='lat' dir='ltr'>nou</span> <span class='ocrx_word' id='word_1_588' title='bbox 137 4121 285 4192; x_wconf 89' lang='lat' dir='ltr'>usurpabo,</span> <span class='ocrx_word' id='word_1_589' title='bbox 301 4123 354 4178; x_wconf 91' lang='lat' dir='ltr'>nisi</span> <span class='ocrx_word' id='word_1_590' title='bbox 369 4124 403 4179; x_wconf 91' lang='lat' dir='ltr'>ab</span> <span class='ocrx_word' id='word_1_591' title='bbox 427 4123 474 4179; x_wconf 95' lang='lat' dir='ltr'>illo</span> <span class='ocrx_word' id='word_1_592' title='bbox 492 4126 651 4197; x_wconf 89' lang='lat' dir='ltr'>permissus.</span> <span class='ocrx_word' id='word_1_593' title='bbox 675 4127 766 4197; x_wconf 84' lang='lat' dir='ltr'>Quare</span> <span class='ocrx_word' id='word_1_594' title='bbox 784 4129 865 4199; x_wconf 91' lang='lat' dir='ltr'>hujus</span> <span class='ocrx_word' id='word_1_595' title='bbox 1208 4119 1320 4176; x_wconf 75' lang='lat' dir='ltr'>CAPUT</span> <span class='ocrx_word' id='word_1_596' title='bbox 1339 4119 1419 4175; x_wconf 79' lang='lat' dir='ltr'><strong>XXI·</strong></span> 
     </span>
    </p>

    <p class='ocr_par' dir='ltr' id='par_1_12' title="bbox 64 4208 1720 4465">
     <span class='ocr_line' id='line_1_46' title="bbox 64 4208 1720 4297; baseline 0.007 -35"><span class='ocrx_word' id='word_1_597' title='bbox 64 4208 212 4281; x_wconf 85' lang='lat' dir='ltr'>regiminis</span> <span class='ocrx_word' id='word_1_598' title='bbox 225 4211 333 4281; x_wconf 92' lang='lat' dir='ltr'>pondus</span> <span class='ocrx_word' id='word_1_599' title='bbox 356 4212 430 4284; x_wconf 93' lang='lat' dir='ltr'>quod</span> <span class='ocrx_word' id='word_1_600' title='bbox 457 4211 540 4268; x_wconf 84' lang='lat' dir='ltr'>offers</span> <span class='ocrx_word' id='word_1_601' title='bbox 563 4214 655 4270; x_wconf 84' lang='lat' dir='ltr'>subire</span> <span class='ocrx_word' id='word_1_602' title='bbox 673 4231 728 4271; x_wconf 91' lang='lat' dir='ltr'>non</span> <span class='ocrx_word' id='word_1_603' title='bbox 741 4231 863 4289; x_wconf 89' lang='lat' dir='ltr'>possum.</span> <span class='ocrx_word' id='word_1_604' title='bbox 919 4226 1020 4297; x_wconf 57' lang='lat' dir='ltr'>spritus</span> <span class='ocrx_word' id='word_1_605' title='bbox 1035 4226 1124 4283; x_wconf 62' lang='lat' dir='ltr'>verbis</span> <span class='ocrx_word' id='word_1_606' title='bbox 1137 4227 1216 4283; x_wconf 59' lang='lat' dir='ltr'>ducis</span> <span class='ocrx_word' id='word_1_607' title='bbox 1231 4227 1292 4296; x_wconf 67' lang='lat' dir='ltr'>fitia</span> <span class='ocrx_word' id='word_1_608' title='bbox 1309 4226 1396 4282; x_wconf 72' lang='lat' dir='ltr'>vitam</span> <span class='ocrx_word' id='word_1_609' title='bbox 1421 4226 1496 4282; x_wconf 65' lang='lat' dir='ltr'>acati</span> <span class='ocrx_word' id='word_1_610' title='bbox 1518 4225 1592 4283; x_wconf 72' lang='lat' dir='ltr'>aaut</span> <span class='ocrx_word' id='word_1_611' title='bbox 1613 4227 1642 4283; x_wconf 64' lang='lat' dir='ltr'>et</span> <span class='ocrx_word' id='word_1_612' title='bbox 1660 4222 1720 4280; x_wconf 80' lang='lat' dir='ltr'>cir-</span> 
     </span>
     <span class='ocr_line' id='line_1_47' title="bbox 64 4295 1720 4381; baseline 0.001 -30"><span class='ocrx_word' id='word_1_613' title='bbox 64 4295 188 4365; x_wconf 85' lang='lat' dir='ltr'>Quodsi</span> <span class='ocrx_word' id='word_1_614' title='bbox 208 4299 261 4354; x_wconf 94' lang='lat' dir='ltr'>hoc</span> <span class='ocrx_word' id='word_1_615' title='bbox 281 4299 465 4356; x_wconf 90' lang='lat' dir='ltr'>indubitanter</span> <span class='ocrx_word' id='word_1_616' title='bbox 485 4300 543 4357; x_wconf 86' lang='lat' dir='ltr'>fieri</span> <span class='ocrx_word' id='word_1_617' title='bbox 565 4303 650 4375; x_wconf 87' lang='lat' dir='ltr'>cupis,</span> <span class='ocrx_word' id='word_1_618' title='bbox 678 4304 780 4361; x_wconf 91' lang='lat' dir='ltr'>sustine</span> <span class='ocrx_word' id='word_1_619' title='bbox 793 4305 865 4362; x_wconf 92' lang='lat' dir='ltr'>inte·</span> <span class='ocrx_word' id='word_1_620' title='bbox 952 4302 1028 4353; x_wconf 72' lang='lat' dir='ltr'>tutet</span> <span class='ocrx_word' id='word_1_621' title='bbox 1042 4314 1193 4381; x_wconf 61' lang='lat' dir='ltr'>enarrans.</span> <span class='ocrx_word' id='word_1_622' title='bbox 1214 4298 1345 4381; x_wconf 75' lang='lat' dir='ltr'>Sipibcrti</span> <span class='ocrx_word' id='word_1_623' title='bbox 1368 4300 1440 4370; x_wconf 79' lang='lat' dir='ltr'>repis</span> <span class='ocrx_word' id='word_1_624' title='bbox 1469 4298 1515 4353; x_wconf 76' lang='lat' dir='ltr'>atti</span> <span class='ocrx_word' id='word_1_625' title='bbox 1537 4300 1662 4371; x_wconf 77' lang='lat' dir='ltr'>gratiam</span> <span class='ocrx_word' id='word_1_626' title='bbox 1691 4297 1720 4351; x_wconf 81' lang='lat' dir='ltr'>et</span> 
     </span>
     <span class='ocr_line' id='line_1_48' title="bbox 65 4370 1304 4465; baseline 0.008 -25"><span class='ocrx_word' id='word_1_627' title='bbox 65 4384 120 4440; x_wconf 86' lang='lat' dir='ltr'>rim</span> <span class='ocrx_word' id='word_1_628' title='bbox 150 4384 240 4443; x_wconf 87' lang='lat' dir='ltr'>donec</span> <span class='ocrx_word' id='word_1_629' title='bbox 253 4387 357 4443; x_wconf 87' lang='lat' dir='ltr'>mittam</span> <span class='ocrx_word' id='word_1_630' title='bbox 366 4389 511 4460; x_wconf 88' lang='lat' dir='ltr'>epistolam</span> <span class='ocrx_word' id='word_1_631' title='bbox 525 4391 560 4445; x_wconf 93' lang='lat' dir='ltr'>ad</span> <span class='ocrx_word' id='word_1_632' title='bbox 575 4392 701 4448; x_wconf 88' lang='lat' dir='ltr'>abbatem</span> <span class='ocrx_word' id='word_1_633' title='bbox 716 4410 816 4465; x_wconf 89' lang='lat' dir='ltr'>meum,</span> <span class='ocrx_word' id='word_1_634' title='bbox 831 4394 866 4450; x_wconf 90' lang='lat' dir='ltr'>ad</span> <span class='ocrx_word' id='word_1_635' title='bbox 950 4370 1084 4425; x_wconf 55' lang='lat' dir='ltr'><strong><em>“nauum</em></strong></span> <span class='ocrx_word' id='word_1_636' title='bbox 1100 4373 1304 4441; x_wconf 60' lang='lat' dir='ltr'>‘mpetr⁰”⁰n²·</span> 
     </span>
    </p>

    <p class='ocr_par' dir='ltr' id='par_1_13' title="bbox 62 4451 1725 5704">
     <span class='ocr_line' id='line_1_49' title="bbox 66 4451 1720 4555; baseline 0.007 -30"><span class='ocrx_word' id='word_1_637' title='bbox 66 4471 263 4531; x_wconf 85' lang='lat' dir='ltr'>insinuandam</span> <span class='ocrx_word' id='word_1_638' title='bbox 279 4476 317 4532; x_wconf 85' lang='lat' dir='ltr'>illi</span> <span class='ocrx_word' id='word_1_639' title='bbox 329 4478 495 4534; x_wconf 78' lang='lat' dir='ltr'>voluntatem</span> <span class='ocrx_word' id='word_1_640' title='bbox 514 4487 587 4534; x_wconf 78' lang='lat' dir='ltr'>ruam</span> <span class='ocrx_word' id='word_1_641' title='bbox 606 4499 613 4535; x_wconf 91' lang='lat'>:</span> <span class='ocrx_word' id='word_1_642' title='bbox 632 4489 659 4536; x_wconf 75' lang='grc' dir='ltr'>ρι</span> <span class='ocrx_word' id='word_1_643' title='bbox 680 4481 702 4536; x_wconf 72' lang='lat' dir='ltr'>si</span> <span class='ocrx_word' id='word_1_644' title='bbox 726 4482 785 4552; x_wconf 68' lang='lat' dir='ltr'>ejus</span> <span class='ocrx_word' id='word_1_645' title='bbox 803 4451 909 4555; x_wconf 52' lang='lat' dir='ltr'>pen-‚D</span> <span class='ocrx_word' id='word_1_646' title='bbox 955 4475 1106 4548; x_wconf 88' lang='lat' dir='ltr'>Sigibertus</span> <span class='ocrx_word' id='word_1_647' title='bbox 1121 4475 1203 4548; x_wconf 88' lang='lat' dir='ltr'>igitur</span> <span class='ocrx_word' id='word_1_648' title='bbox 1216 4491 1263 4530; x_wconf 89' lang='lat' dir='ltr'>rex</span> <span class='ocrx_word' id='word_1_649' title='bbox 1278 4490 1340 4531; x_wconf 90' lang='lat' dir='ltr'>eum</span> <span class='ocrx_word' id='word_1_650' title='bbox 1364 4474 1484 4529; x_wconf 87' lang='lat' dir='ltr'>audisset</span> <span class='ocrx_word' id='word_1_651' title='bbox 1506 4475 1605 4546; x_wconf 83' lang='lat' dir='ltr'>puellae</span> <span class='ocrx_word' id='word_1_652' title='bbox 1625 4479 1720 4535; x_wconf 89' lang='lat' dir='ltr'>reddi-</span> 
     </span>
     <span class='ocr_line' id='line_1_50' title="bbox 66 4562 1721 4644; baseline 0.004 -27"><span class='ocrx_word' id='word_1_653' title='bbox 66 4562 184 4618; x_wconf 89' lang='lat' dir='ltr'>missum</span> <span class='ocrx_word' id='word_1_654' title='bbox 199 4579 365 4637; x_wconf 86' lang='lat' dir='ltr'>cognovero,</span> <span class='ocrx_word' id='word_1_655' title='bbox 383 4575 445 4623; x_wconf 87' lang='lat' dir='ltr'>tunc</span> <span class='ocrx_word' id='word_1_656' title='bbox 460 4568 570 4623; x_wconf 81' lang='lat' dir='ltr'>demum</span> <span class='ocrx_word' id='word_1_657' title='bbox 585 4570 706 4625; x_wconf 82' lang='lat' dir='ltr'>oblatum</span> <span class='ocrx_word' id='word_1_658' title='bbox 728 4587 800 4626; x_wconf 72' lang='lat' dir='ltr'>curae</span> <span class='ocrx_word' id='word_1_659' title='bbox 815 4588 867 4644; x_wconf 78' lang='lat' dir='ltr'>pa.</span> <span class='ocrx_word' id='word_1_660' title='bbox 917 4571 973 4620; x_wconf 90' lang='lat' dir='ltr'>tam</span> <span class='ocrx_word' id='word_1_661' title='bbox 998 4565 1149 4629; x_wconf 90' lang='lat' dir='ltr'>sanitatem,</span> <span class='ocrx_word' id='word_1_662' title='bbox 1172 4564 1313 4618; x_wconf 90' lang='lat' dir='ltr'>mandavit</span> <span class='ocrx_word' id='word_1_663' title='bbox 1335 4563 1403 4635; x_wconf 88' lang='lat' dir='ltr'>patri</span> <span class='ocrx_word' id='word_1_664' title='bbox 1434 4563 1492 4632; x_wconf 88' lang='lat' dir='ltr'>ejus</span> <span class='ocrx_word' id='word_1_665' title='bbox 1515 4573 1559 4619; x_wconf 90' lang='lat' dir='ltr'>eut</span> <span class='ocrx_word' id='word_1_666' title='bbox 1580 4579 1640 4621; x_wconf 88' lang='lat' dir='ltr'>eam</span> <span class='ocrx_word' id='word_1_667' title='bbox 1665 4567 1721 4623; x_wconf 87' lang='lat' dir='ltr'>suis</span> 
     </span>
     <span class='ocr_line' id='line_1_51' title="bbox 64 4651 1719 4730; baseline 0.003 -22"><span class='ocrx_word' id='word_1_668' title='bbox 64 4651 174 4708; x_wconf 87' lang='lat' dir='ltr'>storalis</span> <span class='ocrx_word' id='word_1_669' title='bbox 203 4669 271 4708; x_wconf 92' lang='lat' dir='ltr'>onus</span> <span class='ocrx_word' id='word_1_670' title='bbox 286 4654 442 4727; x_wconf 87' lang='lat' dir='ltr'>suscipiam.</span> <span class='ocrx_word' id='word_1_671' title='bbox 475 4658 509 4711; x_wconf 90' lang='lat' dir='ltr'>Et</span> <span class='ocrx_word' id='word_1_672' title='bbox 538 4658 591 4712; x_wconf 84' lang='lat' dir='ltr'>dux</span> <span class='ocrx_word' id='word_1_673' title='bbox 617 4660 653 4714; x_wconf 85' lang='lat' dir='ltr'>ad</span> <span class='ocrx_word' id='word_1_674' title='bbox 672 4659 747 4714; x_wconf 81' lang='lat' dir='ltr'>illurn</span> <span class='ocrx_word' id='word_1_675' title='bbox 761 4678 768 4714; x_wconf 70' lang='grc' dir='ltr'>ς</span> <span class='ocrx_word' id='word_1_676' title='bbox 784 4661 867 4728; x_wconf 80' lang='lat' dir='ltr'>Bene,</span> <span class='ocrx_word' id='word_1_677' title='bbox 918 4653 1108 4724; x_wconf 89' lang='lat' dir='ltr'>conspectibus</span> <span class='ocrx_word' id='word_1_678' title='bbox 1122 4652 1274 4707; x_wconf 89' lang='lat' dir='ltr'>exhiberet.</span> <span class='ocrx_word' id='word_1_679' title='bbox 1295 4651 1345 4721; x_wconf 85' lang='lat' dir='ltr'>Qui</span> <span class='ocrx_word' id='word_1_680' title='bbox 1362 4667 1472 4706; x_wconf 91' lang='lat' dir='ltr'>sumens</span> <span class='ocrx_word' id='word_1_681' title='bbox 1489 4652 1561 4708; x_wconf 89' lang='lat' dir='ltr'>dona</span> <span class='ocrx_word' id='word_1_682' title='bbox 1588 4654 1719 4730; x_wconf 83' lang='lat' dir='ltr'>ingentia,</span> 
     </span>
     <span class='ocr_line' id='line_1_52' title="bbox 66 4738 1721 4813; baseline 0.007 -19"><span class='ocrx_word' id='word_1_683' title='bbox 66 4738 165 4812; x_wconf 83' lang='lat' dir='ltr'>inquit,</span> <span class='ocrx_word' id='word_1_684' title='bbox 182 4741 283 4809; x_wconf 72' lang='lat' dir='ltr'>cissa,</span> <span class='ocrx_word' id='word_1_685' title='bbox 299 4742 346 4798; x_wconf 84' lang='lat' dir='ltr'>nst</span> <span class='ocrx_word' id='word_1_686' title='bbox 361 4745 509 4800; x_wconf 83' lang='lat' dir='ltr'>secundun</span> <span class='ocrx_word' id='word_1_687' title='bbox 525 4747 637 4803; x_wconf 85' lang='lat' dir='ltr'>verbnm</span> <span class='ocrx_word' id='word_1_688' title='bbox 661 4756 746 4804; x_wconf 84' lang='lat' dir='ltr'>tuum.</span> <span class='ocrx_word' id='word_1_689' title='bbox 776 4750 810 4804; x_wconf 81' lang='lat' dir='ltr'>Et</span> <span class='ocrx_word' id='word_1_690' title='bbox 824 4748 868 4804; x_wconf 86' lang='lat' dir='ltr'>di·</span> <span class='ocrx_word' id='word_1_691' title='bbox 918 4750 1102 4813; x_wconf 84' lang='lat' dir='ltr'>etpuemmm</span> <span class='ocrx_word' id='word_1_692' title='bbox 1116 4740 1315 4796; x_wconf 80' lang='lat' dir='ltr'>multitudinem</span> <span class='ocrx_word' id='word_1_693' title='bbox 1337 4756 1370 4797; x_wconf 82' lang='lat' dir='ltr'>ac</span> <span class='ocrx_word' id='word_1_694' title='bbox 1392 4740 1554 4812; x_wconf 86' lang='lat' dir='ltr'>puellarum,</span> <span class='ocrx_word' id='word_1_695' title='bbox 1578 4758 1639 4799; x_wconf 86' lang='lat' dir='ltr'>cum</span> <span class='ocrx_word' id='word_1_696' title='bbox 1662 4759 1721 4800; x_wconf 85' lang='lat' dir='ltr'>ma·</span> 
     </span>
     <span class='ocr_line' id='line_1_53' title="bbox 65 4829 1719 4908; baseline 0.006 -24"><span class='ocrx_word' id='word_1_697' title='bbox 65 4829 141 4884; x_wconf 89' lang='lat' dir='ltr'>misit</span> <span class='ocrx_word' id='word_1_698' title='bbox 156 4845 219 4884; x_wconf 91' lang='lat' dir='ltr'>eum</span> <span class='ocrx_word' id='word_1_699' title='bbox 233 4846 296 4887; x_wconf 90' lang='lat' dir='ltr'>cum</span> <span class='ocrx_word' id='word_1_700' title='bbox 310 4849 385 4903; x_wconf 90' lang='lat' dir='ltr'>pace.</span> <span class='ocrx_word' id='word_1_701' title='bbox 402 4834 460 4900; x_wconf 92' lang='lat' dir='ltr'>llle,</span> <span class='ocrx_word' id='word_1_702' title='bbox 478 4835 592 4906; x_wconf 89' lang='lat' dir='ltr'>sumptis</span> <span class='ocrx_word' id='word_1_703' title='bbox 608 4854 668 4908; x_wconf 85' lang='lat' dir='ltr'>quae</span> <span class='ocrx_word' id='word_1_704' title='bbox 682 4839 783 4893; x_wconf 91' lang='lat' dir='ltr'>donata</span> <span class='ocrx_word' id='word_1_705' title='bbox 807 4837 868 4894; x_wconf 84' lang='lat' dir='ltr'>iue—</span> <span class='ocrx_word' id='word_1_706' title='bbox 918 4847 973 4905; x_wconf 77' lang='lat' dir='ltr'>guo</span> <span class='ocrx_word' id='word_1_707' title='bbox 989 4847 1099 4887; x_wconf 78' lang='lat' dir='ltr'>suorum</span> <span class='ocrx_word' id='word_1_708' title='bbox 1123 4830 1250 4886; x_wconf 66' lang='lat' dir='ltr'>comitatu</span> <span class='ocrx_word' id='word_1_709' title='bbox 1274 4830 1350 4884; x_wconf 67' lang='lat' dir='ltr'>duxi!</span> <span class='ocrx_word' id='word_1_710' title='bbox 1378 4846 1438 4885; x_wconf 69' lang='lat' dir='ltr'>eam</span> <span class='ocrx_word' id='word_1_711' title='bbox 1466 4846 1554 4902; x_wconf 77' lang='lat' dir='ltr'>usque</span> <span class='ocrx_word' id='word_1_712' title='bbox 1580 4832 1613 4886; x_wconf 72' lang='lat' dir='ltr'>tid</span> <span class='ocrx_word' id='word_1_713' title='bbox 1642 4833 1719 4890; x_wconf 79' lang='lat' dir='ltr'>Rhe·</span> 
     </span>
     <span class='ocr_line' id='line_1_54' title="bbox 65 4918 1720 4995; baseline 0.002 -20"><span class='ocrx_word' id='word_1_714' title='bbox 65 4926 136 4986; x_wconf 88' lang='lat' dir='ltr'>rant,</span> <span class='ocrx_word' id='word_1_715' title='bbox 166 4919 329 4992; x_wconf 90' lang='lat' dir='ltr'>remigando</span> <span class='ocrx_word' id='word_1_716' title='bbox 357 4922 471 4995; x_wconf 89' lang='lat' dir='ltr'>pelagus</span> <span class='ocrx_word' id='word_1_717' title='bbox 500 4925 655 4995; x_wconf 82' lang='lat' dir='ltr'>superavit3</span> <span class='ocrx_word' id='word_1_718' title='bbox 684 4926 739 4981; x_wconf 74' lang='lat' dir='ltr'>dux</span> <span class='ocrx_word' id='word_1_719' title='bbox 767 4935 867 4993; x_wconf 80' lang='lat' dir='ltr'>aurem,</span> <span class='ocrx_word' id='word_1_720' title='bbox 918 4936 1001 4986; x_wconf 89' lang='lat' dir='ltr'>num;</span> <span class='ocrx_word' id='word_1_721' title='bbox 1024 4919 1143 4991; x_wconf 88' lang='lat' dir='ltr'>indeque</span> <span class='ocrx_word' id='word_1_722' title='bbox 1166 4935 1217 4989; x_wconf 91' lang='lat' dir='ltr'>per</span> <span class='ocrx_word' id='word_1_723' title='bbox 1245 4918 1357 4973; x_wconf 91' lang='lat' dir='ltr'>comites</span> <span class='ocrx_word' id='word_1_724' title='bbox 1383 4919 1417 4974; x_wconf 91' lang='lat' dir='ltr'>ad</span> <span class='ocrx_word' id='word_1_725' title='bbox 1441 4934 1537 4991; x_wconf 86' lang='lat' dir='ltr'>regem</span> <span class='ocrx_word' id='word_1_726' title='bbox 1560 4921 1720 4979; x_wconf 84' lang='lat' dir='ltr'>transmisit.</span> 
     </span>
     <span class='ocr_line' id='line_1_55' title="bbox 67 5006 1721 5084; baseline 0.003 -22"><span class='ocrx_word' id='word_1_727' title='bbox 67 5007 220 5063; x_wconf 86' lang='lat' dir='ltr'>sanctitatis</span> <span class='ocrx_word' id='word_1_728' title='bbox 235 5008 294 5077; x_wconf 88' lang='lat' dir='ltr'>ejus</span> <span class='ocrx_word' id='word_1_729' title='bbox 318 5017 371 5065; x_wconf 90' lang='lat' dir='ltr'>tam</span> <span class='ocrx_word' id='word_1_730' title='bbox 385 5011 527 5067; x_wconf 88' lang='lat' dir='ltr'>manifesto</span> <span class='ocrx_word' id='word_1_731' title='bbox 557 5023 734 5084; x_wconf 90' lang='lat' dir='ltr'>compunctus</span> <span class='ocrx_word' id='word_1_732' title='bbox 757 5016 867 5082; x_wconf 90' lang='lat' dir='ltr'>indicio,</span> <span class='ocrx_word' id='word_1_733' title='bbox 919 5008 1109 5081; x_wconf 79' lang='lat' dir='ltr'>Aquo&#39;dum</span> <span class='ocrx_word' id='word_1_734' title='bbox 1134 5015 1272 5080; x_wconf 85' lang='lat' dir='ltr'>gratanter</span> <span class='ocrx_word' id='word_1_735' title='bbox 1297 5015 1424 5078; x_wconf 88' lang='lat' dir='ltr'>suscepta</span> <span class='ocrx_word' id='word_1_736' title='bbox 1447 5006 1552 5076; x_wconf 83' lang='lat' dir='ltr'>luisset,</span> <span class='ocrx_word' id='word_1_737' title='bbox 1578 5016 1604 5065; x_wconf 91' lang='lat' dir='ltr'>et</span> <span class='ocrx_word' id='word_1_738' title='bbox 1632 5009 1721 5067; x_wconf 90' lang='lat' dir='ltr'>inter·</span> 
     </span>
     <span class='ocr_line' id='line_1_56' title="bbox 62 5095 1725 5175; baseline 0.005 -25"><span class='ocrx_word' id='word_1_739' title='bbox 62 5095 147 5165; x_wconf 81' lang='lat' dir='ltr'>jussit</span> <span class='ocrx_word' id='word_1_740' title='bbox 160 5096 313 5153; x_wconf 75' lang='lat' dir='ltr'>arbonensi</span> <span class='ocrx_word' id='word_1_741' title='bbox 328 5099 455 5171; x_wconf 78' lang='lat' dir='ltr'>prefecto</span> <span class='ocrx_word' id='word_1_742' title='bbox 468 5109 497 5155; x_wconf 93' lang='lat' dir='ltr'>ut</span> <span class='ocrx_word' id='word_1_743' title='bbox 511 5117 573 5157; x_wconf 93' lang='lat' dir='ltr'>cum</span> <span class='ocrx_word' id='word_1_744' title='bbox 588 5103 663 5158; x_wconf 92' lang='lat' dir='ltr'>omni</span> <span class='ocrx_word' id='word_1_745' title='bbox 675 5104 764 5175; x_wconf 89' lang='lat' dir='ltr'>plebis</span> <span class='ocrx_word' id='word_1_746' title='bbox 779 5104 869 5162; x_wconf 85' lang='lat' dir='ltr'>cilicio</span> <span class='ocrx_word' id='word_1_747' title='bbox 919 5105 1014 5169; x_wconf 77' lang='lat' dir='ltr'>rogata</span> <span class='ocrx_word' id='word_1_748' title='bbox 1029 5096 1167 5168; x_wconf 89' lang='lat' dir='ltr'>quomodo</span> <span class='ocrx_word' id='word_1_749' title='bbox 1183 5112 1238 5151; x_wconf 73' lang='lat' dir='ltr'>suan</span> <span class='ocrx_word' id='word_1_750' title='bbox 1253 5095 1401 5151; x_wconf 89' lang='lat' dir='ltr'>remedium</span> <span class='ocrx_word' id='word_1_751' title='bbox 1419 5104 1580 5153; x_wconf 89' lang='lat' dir='ltr'>consecuta</span> <span class='ocrx_word' id='word_1_752' title='bbox 1604 5108 1677 5156; x_wconf 89' lang='lat' dir='ltr'>esset</span> <span class='ocrx_word' id='word_1_753' title='bbox 1696 5100 1725 5158; x_wconf 89' lang='lat' dir='ltr'>in</span> 
     </span>
     <span class='ocr_line' id='line_1_57' title="bbox 65 5182 1721 5263; baseline 0.003 -23"><span class='ocrx_word' id='word_1_754' title='bbox 65 5182 117 5240; x_wconf 91' lang='lat' dir='ltr'>iret</span> <span class='ocrx_word' id='word_1_755' title='bbox 132 5185 169 5240; x_wconf 90' lang='lat' dir='ltr'>ad</span> <span class='ocrx_word' id='word_1_756' title='bbox 183 5185 272 5242; x_wconf 91' lang='lat' dir='ltr'>locum</span> <span class='ocrx_word' id='word_1_757' title='bbox 288 5187 369 5243; x_wconf 82' lang='lat' dir='ltr'>Cellae</span> <span class='ocrx_word' id='word_1_758' title='bbox 389 5190 481 5261; x_wconf 78' lang='lat' dir='ltr'>(Call),</span> <span class='ocrx_word' id='word_1_759' title='bbox 507 5198 534 5245; x_wconf 83' lang='lat' dir='ltr'>et</span> <span class='ocrx_word' id='word_1_760' title='bbox 557 5208 726 5263; x_wconf 57' lang='lat' dir='ltr'>quascunque</span> <span class='ocrx_word' id='word_1_761' title='bbox 745 5194 869 5250; x_wconf 75' lang='lat' dir='ltr'>necessi.</span> <span class='ocrx_word' id='word_1_762' title='bbox 919 5185 1064 5251; x_wconf 85' lang='lat' dir='ltr'>firmitatis,</span> <span class='ocrx_word' id='word_1_763' title='bbox 1081 5200 1143 5241; x_wconf 90' lang='lat' dir='ltr'>cum</span> <span class='ocrx_word' id='word_1_764' title='bbox 1157 5201 1208 5256; x_wconf 89' lang='lat' dir='ltr'>per</span> <span class='ocrx_word' id='word_1_765' title='bbox 1220 5182 1361 5256; x_wconf 86' lang='lat' dir='ltr'>pontifices</span> <span class='ocrx_word' id='word_1_766' title='bbox 1376 5184 1410 5239; x_wconf 91' lang='lat' dir='ltr'>ad</span> <span class='ocrx_word' id='word_1_767' title='bbox 1424 5186 1477 5242; x_wconf 90' lang='lat' dir='ltr'>hoc</span> <span class='ocrx_word' id='word_1_768' title='bbox 1502 5185 1617 5243; x_wconf 89' lang='lat' dir='ltr'>misssos</span> <span class='ocrx_word' id='word_1_769' title='bbox 1645 5188 1721 5245; x_wconf 88' lang='lat' dir='ltr'>sani-</span> 
     </span>
     <span class='ocr_line' id='line_1_58' title="bbox 66 5273 1719 5352; baseline 0.003 -23"><span class='ocrx_word' id='word_1_770' title='bbox 66 5279 110 5328; x_wconf 91' lang='lat' dir='ltr'>tas</span> <span class='ocrx_word' id='word_1_771' title='bbox 124 5275 297 5346; x_wconf 86' lang='lat' dir='ltr'>poposcisset</span> <span class='ocrx_word' id='word_1_772' title='bbox 321 5276 446 5345; x_wconf 84' lang='lat' dir='ltr'>aediticia‚</span> <span class='ocrx_word' id='word_1_773' title='bbox 471 5278 545 5347; x_wconf 87' lang='lat' dir='ltr'>juxta</span> <span class='ocrx_word' id='word_1_774' title='bbox 567 5280 619 5336; x_wconf 85' lang='lat' dir='ltr'>viri</span> <span class='ocrx_word' id='word_1_775' title='bbox 643 5281 693 5335; x_wconf 82' lang='lat' dir='ltr'>Dei</span> <span class='ocrx_word' id='word_1_776' title='bbox 713 5281 870 5352; x_wconf 79' lang='lat' dir='ltr'>disposicio.</span> <span class='ocrx_word' id='word_1_777' title='bbox 919 5275 968 5330; x_wconf 88' lang='lat' dir='ltr'>tati</span> <span class='ocrx_word' id='word_1_778' title='bbox 982 5290 1036 5329; x_wconf 91' lang='lat' dir='ltr'>non</span> <span class='ocrx_word' id='word_1_779' title='bbox 1056 5282 1149 5345; x_wconf 90' lang='lat' dir='ltr'>posset</span> <span class='ocrx_word' id='word_1_780' title='bbox 1176 5273 1290 5340; x_wconf 87' lang='lat' dir='ltr'>restitui,</span> <span class='ocrx_word' id='word_1_781' title='bbox 1320 5274 1391 5330; x_wconf 91' lang='lat' dir='ltr'>hanc</span> <span class='ocrx_word' id='word_1_782' title='bbox 1419 5273 1538 5331; x_wconf 91' lang='lat' dir='ltr'>reddidit</span> <span class='ocrx_word' id='word_1_783' title='bbox 1562 5276 1719 5334; x_wconf 91' lang='lat' dir='ltr'>rationem:</span> 
     </span>
     <span class='ocr_line' id='line_1_59' title="bbox 64 5358 1720 5442; baseline 0 -24"><span class='ocrx_word' id='word_1_784' title='bbox 64 5375 131 5418; x_wconf 89' lang='lat' dir='ltr'>nem</span> <span class='ocrx_word' id='word_1_785' title='bbox 147 5372 329 5420; x_wconf 90' lang='lat' dir='ltr'>construeret.</span> <span class='ocrx_word' id='word_1_786' title='bbox 350 5366 519 5422; x_wconf 85' lang='lat' dir='ltr'>Venerabilis</span> <span class='ocrx_word' id='word_1_787' title='bbox 535 5384 601 5440; x_wconf 88' lang='lat' dir='ltr'>ergo</span> <span class='ocrx_word' id='word_1_788' title='bbox 618 5371 870 5442; x_wconf 84' lang='lat' dir='ltr'>Paterpostcelau·</span> <span class='ocrx_word' id='word_1_789' title='bbox 920 5363 1035 5419; x_wconf 90' lang='lat' dir='ltr'>Domine</span> <span class='ocrx_word' id='word_1_790' title='bbox 1050 5363 1097 5433; x_wconf 90' lang='lat' dir='ltr'>mi,</span> <span class='ocrx_word' id='word_1_791' title='bbox 1114 5363 1249 5434; x_wconf 87' lang='lat' dir='ltr'>inquiens,</span> <span class='ocrx_word' id='word_1_792' title='bbox 1267 5370 1308 5418; x_wconf 90' lang='lat' dir='ltr'>est</span> <span class='ocrx_word' id='word_1_793' title='bbox 1327 5358 1370 5419; x_wconf 89' lang='lat' dir='ltr'>vir</span> <span class='ocrx_word' id='word_1_794' title='bbox 1384 5362 1494 5435; x_wconf 89' lang='lat' dir='ltr'>quidam</span> <span class='ocrx_word' id='word_1_795' title='bbox 1523 5364 1550 5418; x_wconf 93' lang='lat' dir='ltr'>in</span> <span class='ocrx_word' id='word_1_796' title='bbox 1577 5365 1720 5437; x_wconf 89' lang='lat' dir='ltr'>provincia</span> 
     </span>
     <span class='ocr_line' id='line_1_60' title="bbox 66 5451 1721 5528; baseline 0.003 -22"><span class='ocrx_word' id='word_1_797' title='bbox 66 5468 115 5506; x_wconf 91' lang='lat' dir='ltr'>ma</span> <span class='ocrx_word' id='word_1_798' title='bbox 150 5453 319 5509; x_wconf 88' lang='lat' dir='ltr'>celebratum</span> <span class='ocrx_word' id='word_1_799' title='bbox 342 5469 403 5510; x_wconf 90' lang='lat' dir='ltr'>curn</span> <span class='ocrx_word' id='word_1_800' title='bbox 419 5456 579 5512; x_wconf 66' lang='lat' dir='ltr'>arbonense</span> <span class='ocrx_word' id='word_1_801' title='bbox 605 5466 726 5514; x_wconf 92' lang='lat' dir='ltr'>castrum</span> <span class='ocrx_word' id='word_1_802' title='bbox 747 5459 869 5528; x_wconf 91' lang='lat' dir='ltr'>intraret,</span> <span class='ocrx_word' id='word_1_803' title='bbox 921 5469 1001 5525; x_wconf 70' lang='lat' dir='ltr'>quum</span> <span class='ocrx_word' id='word_1_804' title='bbox 1017 5452 1161 5508; x_wconf 90' lang='lat' dir='ltr'>hucducta</span> <span class='ocrx_word' id='word_1_805' title='bbox 1175 5451 1280 5524; x_wconf 73' lang='lat' dir='ltr'>reliqui,</span> <span class='ocrx_word' id='word_1_806' title='bbox 1297 5452 1435 5521; x_wconf 82' lang='lat' dir='ltr'>cujusdam</span> <span class='ocrx_word' id='word_1_807' title='bbox 1449 5452 1538 5511; x_wconf 83' lang='lat' dir='ltr'>incola</span> <span class='ocrx_word' id='word_1_808' title='bbox 1568 5453 1721 5509; x_wconf 76' lang='lat' dir='ltr'>solitudinis</span> 
     </span>
     <span class='ocr_line' id='line_1_61' title="bbox 65 5535 1720 5613; baseline 0.004 -23"><span class='ocrx_word' id='word_1_809' title='bbox 65 5535 133 5593; x_wconf 87' lang='lat' dir='ltr'>iecit</span> <span class='ocrx_word' id='word_1_810' title='bbox 147 5536 293 5592; x_wconf 91' lang='lat' dir='ltr'>convenire</span> <span class='ocrx_word' id='word_1_811' title='bbox 307 5552 402 5594; x_wconf 91' lang='lat' dir='ltr'>omnes</span> <span class='ocrx_word' id='word_1_812' title='bbox 414 5555 549 5610; x_wconf 90' lang='lat' dir='ltr'>pauperes</span> <span class='ocrx_word' id='word_1_813' title='bbox 564 5549 591 5595; x_wconf 92' lang='lat' dir='ltr'>et</span> <span class='ocrx_word' id='word_1_814' title='bbox 613 5557 725 5613; x_wconf 85' lang='lat' dir='ltr'>egenos,</span> <span class='ocrx_word' id='word_1_815' title='bbox 752 5549 779 5598; x_wconf 92' lang='lat' dir='ltr'>et</span> <span class='ocrx_word' id='word_1_816' title='bbox 799 5543 871 5598; x_wconf 92' lang='lat' dir='ltr'>dona</span> <span class='ocrx_word' id='word_1_817' title='bbox 920 5542 955 5598; x_wconf 92' lang='lat' dir='ltr'>de</span> <span class='ocrx_word' id='word_1_818' title='bbox 983 5549 1064 5613; x_wconf 89' lang='lat' dir='ltr'>gente</span> <span class='ocrx_word' id='word_1_819' title='bbox 1097 5542 1250 5607; x_wconf 89' lang='lat' dir='ltr'>Scotorum,</span> <span class='ocrx_word' id='word_1_820' title='bbox 1274 5541 1384 5597; x_wconf 90' lang='lat' dir='ltr'>nomine</span> <span class='ocrx_word' id='word_1_821' title='bbox 1408 5541 1512 5612; x_wconf 86' lang='lat' dir='ltr'>Gallus,</span> <span class='ocrx_word' id='word_1_822' title='bbox 1545 5547 1625 5595; x_wconf 85' lang='lat' dir='ltr'>tantae</span> <span class='ocrx_word' id='word_1_823' title='bbox 1647 5539 1720 5611; x_wconf 92' lang='lat' dir='ltr'>apud</span> 
     </span>
     <span class='ocr_line' id='line_1_62' title="bbox 66 5624 1720 5704; baseline 0.002 -23"><span class='ocrx_word' id='word_1_824' title='bbox 66 5641 131 5698; x_wconf 75' lang='lat' dir='ltr'>quae</span> <span class='ocrx_word' id='word_1_825' title='bbox 152 5624 288 5685; x_wconf 87' lang='lat' dir='ltr'>detulerat</span> <span class='ocrx_word' id='word_1_826' title='bbox 306 5626 360 5685; x_wconf 91' lang='lat' dir='ltr'>illis</span> <span class='ocrx_word' id='word_1_827' title='bbox 384 5627 528 5686; x_wconf 89' lang='lat' dir='ltr'>distribuit.</span> <span class='ocrx_word' id='word_1_828' title='bbox 555 5629 622 5690; x_wconf 77' lang='lat' dir='ltr'>Hes</span> <span class='ocrx_word' id='word_1_829' title='bbox 641 5631 738 5689; x_wconf 89' lang='lat' dir='ltr'>videns</span> <span class='ocrx_word' id='word_1_830' title='bbox 759 5631 871 5704; x_wconf 89' lang='lat' dir='ltr'>quidam</span> <span class='ocrx_word' id='word_1_831' title='bbox 921 5630 1009 5689; x_wconf 88' lang='lat' dir='ltr'>Deum</span> <span class='ocrx_word' id='word_1_832' title='bbox 1022 5629 1128 5688; x_wconf 89' lang='lat' dir='ltr'>virtutis</span> <span class='ocrx_word' id='word_1_833' title='bbox 1141 5628 1276 5700; x_wconf 87' lang='lat' dir='ltr'>etmeriti,</span> <span class='ocrx_word' id='word_1_834' title='bbox 1290 5626 1720 5702; x_wconf 80' lang='lat' dir='ltr'>utadversutdaemonesoingu·</span> 
     </span>
    </p>
   </div>
   <div class='ocr_carea' id='block_1_10' title="bbox 0 0 1898 6112">
    <p class='ocr_par' dir='ltr' id='par_1_14' title="bbox 0 0 1898 6112">
     <span class='ocr_line' id='line_1_63' title="bbox 0 0 1898 6112; baseline 0 0"><span class='ocrx_word' id='word_1_835' title='bbox 0 0 1898 6112; x_wconf 95' lang='lat' dir='ltr'> </span> 
     </span>
    </p>
   </div>
  </div>
 </body>
</html>
