3772 6112
109 193 163 251 823
409 186 613 248 waimarum
626 185 749 247 saltam
762 186 863 246 FULD.
878 183 965 246 ΜΘΝ.
982 185 1057 245 ΟΡΡ.
1071 186 1174 246 PdeS
1186 185 1208 244 l.
1224 214 1260 231 -
1274 184 1512 246 molesme.
1720 191 1771 249 sat

117 330 282 390 prosperum
297 321 324 371 ει
339 313 502 372 benevolum
517 314 552 370 ad
567 314 732 370 audiendum
755 313 856 369 habere
876 313 919 383 jn·
932 313 1169 387 Agregationem,
1189 332 1201 363 ι
1219 320 1246 368 ει
1259 311 1409 385 pulverem,
1428 333 1440 364 r
1456 313 1510 371 hoe
1523 320 1568 371 est
1581 312 1712 389 eonmgia
1723 329 1770 371 er-

118 406 231 462 slitiam.
248 425 260 455 ι
277 404 312 459 Et
327 419 410 474 super
424 403 537 475 pollices
552 418 649 458 manus
661 403 765 459 dextrae
774 409 801 458 et
810 401 912 474 pedis»
964 402 1034 457 roris
1050 399 1130 457 faciet
1152 400 1332 457 immunditiae
1345 401 1534 459 haereticorum
1546 402 1687 476 deputari,
1697 402 1773 460 alios

118 493 216 561 destri,
232 491 268 549 ad
280 492 435 563 dirigendas
447 490 571 547 videlicet
593 491 765 561 operationes
789 491 915 548 eminen-
964 506 1018 564 que
1031 490 1158 546 doctores
1171 506 1222 561 pro
1237 489 1279 545 his
1294 490 1416 545 ordinari
1437 492 1567 564 verisque
1589 491 1765 565 dogmatibus

119 590 174 651 tes,
189 589 216 638 et
229 581 366 638 incessum
381 580 409 635 in
425 580 560 634 mandatis
573 579 634 635 Dei.
653 599 665 631 ι
682 580 716 635 Et
730 580 766 637 de
779 579 834 636 olei
855 595 917 636 sex·
966 577 1090 648 ejusdem
1105 578 1230 649 corporis
1245 578 1434 653 compaginari
1458 580 1647 637 concordiam.
1664 580 1713 637 Sin
1725 595 1772 638 εε-

120 671 191 730 tario
205 670 292 727 mittet
306 670 334 725 in
348 684 460 724 manum
468 684 544 723 suam
553 667 700 739 sinistram,
713 669 761 724 ιιε
769 676 820 736 εει,
835 666 917 724 fidem
966 673 1022 723 tem
1032 666 1255 740 novismagistris
1265 666 1773 743 appositisredintegrotuserroripsos

119 759 255 834 integram
269 758 298 813 in
311 759 363 814 hac
382 758 438 814 vita
453 758 597 814 tenendam
607 757 789 814 commendet.
806 758 918 813 AEtema
967 769 1030 812 cum
1045 754 1152 829 reliqua
1166 754 1247 810 domo
1263 756 1513 822 commaculaverit,
1528 757 1636 814 malitia
1650 764 1694 814 est
1707 772 1772 828 per-

121 848 196 908 snim
210 848 263 905 vita
276 847 305 902 in
318 847 431 901 dextera
451 846 592 919 accipitur.
611 868 622 897 ι
639 846 790 919 Tingetque
803 846 919 920 digitum
969 858 1100 900 severana
1117 843 1198 911 ;ideo
1214 843 1330 914 lapides,
1341 852 1368 900 et
1380 844 1462 916 ligna,
1479 845 1626 919 pulvisque
1641 852 1722 902 extra
1730 862 1773 901 nr·

119 934 150 994 in
164 951 207 1006 eo,
225 955 238 986 ι
254 934 397 1005 etreliqua
413 953 420 1002 ;
437 935 465 990 id
479 942 531 1001 εει,
557 951 618 990 cum
641 934 804 990 discretione
823 934 919 1004 judicii
968 931 1031 988 bem
1046 931 1074 986 in
1089 931 1150 988 loco
1164 932 1304 988 immundo
1319 932 1507 1004 projiciuntur,
1523 932 1552 990 id
1567 943 1619 1002 est,
1636 935 1697 991 sive
1710 934 1774 992 doc·

117 1023 269 1099 perfectam
283 1023 402 1091 veniam,
419 1024 496 1095 quasi
516 1022 617 1094 septies
633 1039 777 1097 spargens,
795 1022 821 1078 ei
835 1022 921 1092 impe·
969 1027 1055 1090 tores,
1073 1020 1131 1076 sive
1144 1019 1184 1075 illi
1199 1021 1245 1093 qni
1260 1021 1414 1077 debuerunt
1428 1021 1547 1079 imolam
1557 1023 1693 1080 bonorum
1710 1040 1774 1097 ope·

119 1119 175 1169 trel
188 1111 260 1183 apud
274 1110 430 1167 Dominum.
449 1132 461 1162 a
483 1111 628 1183 Reliquum
650 1111 703 1167 clei
725 1110 819 1167 fundet
840 1125 922 1181 super
970 1125 1031 1165 rum
1046 1109 1179 1180 parturire
1187 1125 1249 1165 cum
1262 1109 1438 1183 dogmatibus
1450 1111 1516 1180 suis,
1527 1118 1601 1168 extra
1609 1112 1773 1183 Ecclesiam,

122 1208 273 1259 extremum
288 1200 418 1256 auriculae
433 1200 536 1256 dextrae
551 1200 619 1268 ejus,
639 1220 651 1250 ι
676 1199 704 1255 id
719 1206 770 1265 est,
795 1198 922 1270 quamvis
971 1205 1034 1270 post
1048 1205 1150 1254 certam
1164 1197 1332 1270 agnitionem
1345 1199 1415 1254 inter
1431 1215 1572 1270 erroneos,
1588 1202 1774 1258 anathemati-

127 1296 342 1361 cnnctapropter
357 1287 544 1344 infirmitatem
557 1304 634 1343 suam
644 1288 725 1343 homo
735 1287 786 1343 Dei
793 1287 922 1343 mandata
973 1294 1077 1342 rentur.
1095 1307 1107 1337 ι
1124 1284 1178 1355 Qui
1191 1286 1331 1343 intraverit
1346 1287 1466 1360 domurn,
1485 1310 1496 1340 ι
1514 1297 1540 1344 ει
1555 1289 1673 1363 εεΙιεεε.
1685 1289 1776 1361 Quies

125 1393 209 1450 opere
223 1378 362 1449 complere
376 1384 505 1449 nequeat,
529 1377 637 1433 studeat
662 1384 753 1432 tamen
777 1375 873 1432 audire
896 1384 924 1433 et
973 1374 1143 1444 conjunxerit
1151 1375 1238 1431 errori
1252 1375 1389 1445 damnato,
1407 1398 1419 1428 ι
1436 1378 1593 1434 immundus
1604 1386 1647 1435 est
1662 1400 1674 1430 r
1689 1394 1776 1453 usqne

124 1466 924 1537 discere,utsciensbominivoluntatem,quodoperenon
974 1461 1009 1518 ad
1023 1472 1163 1534 peractam
1176 1464 1374 1536 poenitentiam.
1392 1464 1470 1535 «Qui
1484 1467 1629 1523 dormierit
1652 1466 1683 1523 in
1701 1482 1736 1525 ea
1750 1476 1776 1524 ει

122 1563 224 1628 potest,
240 1556 313 1611 bona
326 1556 465 1613 voluntate
479 1562 677 1626 recompenset.
696 1575 708 1605 ι
725 1555 760 1610 Et
773 1570 857 1625 super
867 1569 925 1610 san·
976 1551 1135 1622 comederit,
1153 1573 1165 1602 r
1183 1551 1337 1624 etreliqua,
1354 1552 1438 1610 idest
1453 1554 1541 1627 quiin
1556 1555 1603 1612 illo
1618 1571 1716 1613 errore
1730 1571 1776 1614 rc-

122 1644 234 1717 guinem
249 1645 295 1717 qui
311 1644 413 1700 effusus
423 1653 465 1700 εει
478 1660 529 1716 pro
538 1644 646 1699 delicto.
659 1642 758 1699 Oleum
772 1659 962 1735 superem-B
977 1640 1068 1712 quiem
1082 1657 1112 1696 se
1125 1640 1278 1696 habitumm
1293 1640 1411 1709 conlidit,
1421 1643 1465 1699 vel
1475 1644 1719 1702 communicaverit
1728 1644 1775 1714 illi,

122 1733 235 1807 guinem
258 1732 388 1799 funditur,
414 1733 476 1805 quia
496 1740 558 1804 post
575 1732 790 1804 redemptionem
813 1731 924 1789 miseri-
977 1730 1001 1785 si
1015 1745 1069 1785 non
1085 1737 1126 1785 est
1140 1737 1215 1786 recte
1231 1730 1390 1802 baptizatus,
1405 1731 1530 1788 abluatur
1543 1731 1721 1803 fontesacro,
1737 1733 1777 1791 sin

128 1822 231 1880 cordiae
247 1822 376 1894 operibus
391 1821 572 1877 insistendum
594 1829 645 1887 est,
655 1821 801 1893 omniaque
819 1822 849 1876 in
869 1823 926 1878 lle·
975 1818 1063 1888 aliter,
1079 1818 1209 1892 lacrymis
1224 1819 1392 1891 peanitentiae
1406 1820 1575 1878 absolvatur.
1590 1822 1720 1896 Siigitur
1733 1839 1776 1880 er·

123 1910 275 1982 demptoris
289 1911 399 1966 nomine
414 1909 548 1966 iacienda.
568 1930 580 1960 ι
595 1910 672 1965 Τεεε
685 1908 835 1965 immolabit
848 1910 926 1966 holo·
975 1925 1022 1965 ror
1035 1908 1176 1964 restrictus
1191 1909 1345 1966 inveniatur
1355 1924 1416 1966 cnm
1432 1910 1533 1966 auxilio
1550 1911 1662 1967 Domini
1677 1920 1705 1968 et
1718 1927 1776 1985 pm-

125 2008 290 2066 εεεειιεε,,ι
309 2006 336 2054 ει
350 1998 465 2070 reliqua.
481 1998 571 2053 Primo
587 1998 658 2053 enim
680 1998 813 2055 debemus
835 1998 926 2070 poeni-
975 1997 1096 2054 nitentia
1108 1997 1248 2065 instantia,
1260 1996 1427 2069 purificanda
1440 2007 1482 2056 est
1491 1999 1598 2056 domus.
1611 2002 1652 2058 De
1665 2016 1779 2077 sequen-

127 2086 239 2144 tentiam
253 2103 304 2159 pro
319 2087 473 2144 commissis
488 2086 604 2158 pleniter
620 2103 756 2161 peragere
770 2087 797 2143 in
819 2103 927 2144 memo-
976 2087 1048 2142 tibus
1062 2086 1143 2157 hujus
1156 2086 1268 2158 capituli
1283 2087 1311 2142 in
1326 2088 1511 2159 superioribus
1534 2089 1654 2161 pleniter
1676 2089 1779 2147 dictum

124 2175 197 2233 riam
211 2176 349 2249 passionis
363 2183 391 2232 ει
405 2176 612 2232 resurrectionis
639 2185 749 2243 nostrae,
772 2176 818 2232 ubi
843 2177 928 2233 nostri
977 2182 1029 2231 est.
1045 2174 1098 2230 Per
1113 2182 1218 2232 rectam
1233 2175 1305 2231 enim
1320 2176 1402 2232 iidem
1421 2176 1513 2233 omnia
1530 2176 1683 2250 impetrare
1697 2193 1780 2251 posse

125 2264 318 2337 Redemptoris
333 2265 512 2338 cognovimus
527 2263 662 2333 effectum,
687 2280 721 2323 ac
743 2265 843 2322 deinde
852 2266 929 2338 puri·
977 2264 1131 2321 credentur.
1147 2265 1272 2324 varietas
1285 2265 1367 2340 leprae
1382 2266 1540 2324 varietatem
1555 2267 1728 2325 demonstrat
1740 2282 1780 2325 er·

125 2352 200 2413 ficati
215 2354 342 2410 sensibus
357 2354 541 2427 nosmetipsos
559 2371 592 2411 ex
605 2353 714 2428 integro
727 2355 757 2410 in
770 2370 819 2410 ara
839 2354 929 2412 laudis
978 2367 1083 2411 rorum.

130 2440 242 2501 Domini
256 2443 439 2514 immolemus,
456 2451 485 2499 ut
500 2443 558 2513 jam
572 2457 627 2499 non
641 2442 721 2499 nobis
734 2443 783 2500 sed
797 2443 837 2499 illi
849 2445 930 2501 riva·

126 2547 198 2600 mus,
215 2547 285 2605 quos
299 2541 421 2589 manuos
432 2532 585 2605 inveniens,
602 2539 630 2588 ut
644 2532 768 2590 vivamus
777 2548 827 2607 per
840 2532 930 2607 ipsum
1281 2548 1394 2610 cquq·
1412 2548 1473 2607 xv,

124 2621 240 2679 redemit
252 2627 281 2678 et
294 2622 407 2693 adjuvit.

160 2766 174 2801 ι
189 2746 269 2818 Quod
284 2747 307 2802 si
323 2761 430 2820 pauper
444 2754 497 2816 εει,
515 2755 542 2804 ει
551 2762 605 2805 non
615 2754 705 2821 potest
719 2763 816 2804 manus
825 2747 920 2819 ejusin
1018 2767 1030 2799 a
1046 2746 1164 2806 Locutus
1177 2756 1219 2805 est
1232 2747 1365 2805 Dominus
1378 2747 1415 2806 ad
1433 2749 1546 2822 lloysen
1560 2758 1588 2806 et
1601 2752 1709 2822 aaron,
1727 2772 1739 2803 ι
1755 2761 1785 2810 ει

123 2836 219 2894 venne
234 2852 294 2911 qnae
310 2836 382 2894 dicta
397 2844 470 2906 sunt,
488 2858 500 2888 ι
517 2836 675 2910 etreliqua.
692 2837 720 2893 Si
733 2837 860 2895 videlicet
873 2838 926 2894 im·
981 2837 1095 2910 reliqua,
1110 2836 1139 2893 id
1154 2845 1196 2893 εει
1208 2853 1260 2909 per
1272 2837 1364 2910 legem
1378 2846 1405 2896 ει
1417 2839 1600 2896 sacerdotium
1614 2841 1710 2899 docuit
1724 2843 1782 2900 Do-

123 2924 430 2999 becillilateiragilitatis
439 2933 595 2999 praeventus
610 2926 671 2998 quis
685 2925 834 2997 perfectam
848 2926 927 2982 inno·
981 2926 1072 2982 minus
1086 2925 1157 2983 filios
1172 2926 1267 2983 lsrael.
1282 2928 1351 2984 «Vir
1360 2927 1406 3000 qni
1413 2929 1623 3001 patiturlluxum
1631 2930 1780 2999 seminis,

125 3016 243 3075 centiam
257 3016 394 3072 custodire
408 3014 573 3087 nequiverit,
591 3013 686 3071 offerat
699 3031 811 3087 agnum,
838 3015 866 3072 id
881 3024 923 3073 est
940 3047 966 3114 C
982 3015 1011 3073 id
1024 3023 1065 3072 est
1079 3016 1175 3074 doctor
1189 3016 1236 3089 qui
1249 3016 1332 3074 animi
1346 3017 1445 3074 virtute
1467 3018 1549 3076 debet
1571 3035 1685 3094 urgere,
1708 3020 1734 3077 si
1755 3020 1784 3077 in

125 3103 209 3161 fidem
223 3104 359 3177 passionis
375 3103 473 3160 Christi
488 3102 635 3175 diligenter
649 3104 784 3160 custodiat
799 3123 807 3173 3
826 3126 838 3156 ι
855 3104 930 3163 deci·
981 3104 1105 3162 doctrina
1118 3120 1169 3161 sua
1183 3120 1305 3162 errorem
1318 3107 1429 3178 patitur,
1439 3106 1484 3165 rel
1494 3109 1588 3164 luxum
1598 3124 1694 3164 rerum
1704 3124 1782 3167 exer·

127 3209 203 3252 mam
216 3201 322 3265 partem
336 3191 432 3249 enudas
447 3207 605 3264 conspersa
614 3193 686 3261 oleo,
704 3214 715 3244 ι
727 3193 770 3250 εει
784 3192 867 3251 fidem
875 3195 930 3251 Tri-
978 3202 1022 3252 cet
1035 3194 1245 3265 mundanarum,
1261 3194 1416 3251 immundus
1430 3203 1483 3264 est,
1505 3195 1625 3254 maxime
1639 3196 1665 3253 si
1689 3196 1783 3255 vitium

125 3281 228 3349 nitatis,
259 3281 303 3338 vel
324 3281 499 3356 theologiam,
522 3297 603 3354 quam
624 3280 747 3340 confiteri
769 3291 797 3338 et
816 3284 930 3344 credere
968 3283 1176 3341 ‘consuetudine
1190 3282 1282 3340 nutrit.
1300 3303 1312 3335 r
1330 3282 1418 3341 Omne
1433 3284 1783 3359 stratnminquodormie·

125 3370 261 3443 jubemur,
278 3385 340 3426 cum
354 3369 416 3427 oleo
431 3369 572 3428 charitatis
588 3378 614 3427 el
635 3371 830 3429 misericordiae
847 3392 855 3441 ;
873 3394 885 3426 ι
903 3381 930 3431 ει
978 3371 1023 3440 rit,
1039 3393 1051 3423 a
1067 3372 1096 3428 id
1109 3380 1150 3428 est
1163 3371 1210 3428 illa
1224 3373 1393 3430 consuetudo
1407 3372 1502 3446 inqua
1525 3375 1651 3447 requiem
1675 3375 1731 3433 sibi
1747 3376 1783 3434 vi·

126 3458 182 3518 olei
196 3459 354 3531 sextarium,
373 3478 385 3510 r
402 3458 586 3532 integritatem
601 3457 674 3517 fidei.
692 3461 733 3517 De
743 3449 893 3519 turturibus
903 3470 930 3519 et
978 3460 1058 3519 detur
1070 3460 1174 3518 habere
1182 3462 1386 3519 condemnatur.
1402 3462 1431 3519 si
1439 3463 1500 3535 quis
1509 3463 1633 3536 tetigerit
1640 3464 1780 3534 lectulum,

124 3548 209 3623 pullis
222 3548 356 3606 columbae
370 3564 451 3621 supra
465 3549 495 3604 in
508 3548 646 3622 plerisque
661 3548 729 3608 locis
743 3550 879 3619 dirimus;
894 3551 930 3609 de
978 3548 1008 3607 id
1020 3556 1064 3606 εει
1081 3550 1184 3623 torpori
1207 3549 1267 3621 ejus
1287 3551 1539 3619 communicaverit,
1565 3553 1681 3613 mundet
1706 3562 1783 3613 actus

125 3637 171 3696 die
185 3645 282 3695 octavo
297 3637 529 3695 similitercaetera
544 3655 605 3712 quae
619 3638 648 3693 in
662 3639 716 3697 hoc
739 3639 858 3712 capitulo
882 3656 929 3707 se·
979 3655 1045 3696 snos
1061 3655 1149 3712 usque
1172 3639 1208 3696 ed
1238 3639 1385 3712 perlectam
1408 3640 1606 3712 poenitentiam.
1630 3642 1659 3699 Si
1683 3643 1784 3701 sederit

127 3734 258 3803 qunntur,
275 3742 358 3799 snpra
372 3726 446 3784 dicta
467 3733 539 3783 sunt.
565 3727 676 3800 Septem
699 3737 796 3802 gentes
819 3729 929 3786 Chana-
978 3728 1026 3787 ubi
1040 3728 1087 3785 ille
1101 3728 1181 3799 sedit,
1196 3727 1225 3785 id
1240 3736 1281 3785 est
1292 3728 1410 3786 imitatur
1432 3736 1573 3802 torporem
1595 3730 1667 3788 sicut
1688 3747 1779 3806 supra.

126 3832 251 3874 noeerum
258 3816 323 3874 vitia
337 3816 491 3889 exprimunt
500 3833 615 3885 summa,
632 3833 694 3890 quae
703 3818 928 3887 Deusdestmrit,
981 3836 993 3870 a
1011 3815 1069 3887 Qui
1078 3817 1198 3892 tetigerit
1210 3834 1321 3876 carnem
1335 3819 1405 3889 ejus,
1424 3840 1436 3871 r
1452 3819 1505 3876 boc
1524 3827 1567 3876 εει
1582 3820 1710 3893 exempla
1725 3822 1782 3893 ejus

129 3905 196 3964 dnm
210 3907 330 3964 adventu
343 3921 393 3963 suo
409 3921 469 3974 nos,
486 3905 532 3978 εει
547 3905 724 3980 degentibus
748 3922 850 3975 snmus,
875 3924 929 3980 pu·
979 3904 1060 3964 inerit
1073 3914 1194 3964 secutus.
1212 3928 1224 3959 ι
1240 3907 1270 3963 Si
1284 3907 1397 3964 salivam
1420 3908 1711 3983 hujuscemodiflhomo
1731 3911 1783 3981 sic»

128 3995 263 4053 rilicavit:
279 3995 308 4050 in
322 4010 377 4067 qua
391 4002 474 4062 terra,
501 3992 656 4051 infidelibus
680 3994 792 4064 evulsis,
817 3995 931 4069 quilibet
979 3995 1047 4053 cerit
1061 4011 1145 4067 snper
1158 4011 1221 4053 eum
1231 3995 1278 4069 qui
1290 3996 1409 4053 mundus
1424 4004 1473 4065 est,
1493 4016 1505 4050 s
1523 3997 1682 4072 etreliqua.
1699 3998 1729 4056 si
1743 3998 1779 4058 vi·

131 4084 245 4143 domum
267 4083 400 4156 possidet,
418 4083 483 4140 dum
504 4081 556 4138 sibi
580 4082 753 4140 commissam
769 4082 864 4141 doctor
887 4101 930 4143 re·
979 4083 1079 4143 delicet
1090 4084 1187 4141 astutia
1202 4100 1252 4141 sua
1266 4093 1294 4141 et
1307 4083 1472 4142 simulatrice
1486 4085 1620 4158 sapientia
1634 4095 1778 4147 rectecrs·

131 4173 173 4253 git
185 4173 438 4247 congregationem.
455 4172 486 4228 ln
500 4187 534 4228 ea
547 4171 571 4227 si
590 4172 691 4229 erroris
715 4172 855 4246 quidpiam
882 4190 931 4248 ap-
979 4174 1090 4231 dentem
1104 4173 1364 4233 commaculaverit:
1389 4182 1489 4232 caetera
1508 4183 1652 4248 utsupra.
1676 4176 1781 4252 Segisa

130 4261 350 4338 parueritisqui
364 4260 513 4333 praestari
527 4268 691 4318 conventum
714 4261 930 4321 ecclesiasticum
979 4261 1088 4334 filtrum,
1111 4262 1156 4321 vel
1169 4264 1310 4336 tapetium,
1333 4263 1377 4320 vel
1400 4263 1475 4321 aliud
1496 4264 1638 4336 quodlibet
1661 4265 1780 4323 sessioni

129 4352 242 4421 referat,
258 4352 328 4408 sieut
342 4349 442 4406 Paulus
465 4349 501 4407 de
521 4350 751 4407 Antiochenomm
772 4351 931 4411 seductione
985 4359 1122 4425 paratum,
1137 4353 1212 4424 quod
1225 4368 1286 4409 cnm
1300 4350 1413 4426 reliquis
1422 4353 1595 4424 postmodum
1602 4356 1783 4428 eomprehen-

129 4441 203 4516 apud
226 4440 365 4512 apostolos
389 4437 586 4511 Hierosolymis
617 4439 762 4496 consilium
797 4441 931 4514 qnaesivit.
951 4416 1020 4498 bg,
1034 4441 1126 4498 varias
1141 4441 1307 4516 pollutorum
1317 4439 1663 4514 significatperversitates,
1687 4444 1784 4519 quibus

131 4550 144 4584 ι
160 4530 228 4587 Inde
242 4530 401 4602 praecipitur
415 4537 444 4585 ut
458 4528 614 4585 auferantur
628 4529 757 4586 universa
770 4528 806 4586 de
813 4530 930 4599 demon
982 4537 1103 4588 utuntur.
1122 4551 1134 4583 r
1160 4530 1214 4601 Qui
1234 4531 1383 4603 portaverit
1408 4531 1506 4588 borum
1529 4529 1644 4605 aliquid,
1661 4552 1674 4585 ι
1691 4533 1722 4590 id
1743 4540 1785 4591 ert

128 4618 158 4676 id
167 4625 220 4688 est,
235 4626 266 4674 ει
280 4619 385 4675 seducti
394 4618 429 4674 de
442 4616 644 4675 immundorum
654 4618 792 4676 consortio
801 4635 932 4692 separen·
982 4620 1029 4694 qni
1043 4636 1073 4677 εε
1086 4620 1129 4677 his
1143 4618 1296 4677 subdiderit
1309 4620 1513 4693 pollutionibus.
1536 4641 1549 4675 r
1575 4620 1673 4678 Omnis
1698 4638 1781 4696 quem

132 4715 184 4779 tar,
201 4714 230 4763 ut
245 4708 418 4780 postmodum
430 4707 534 4778 judicio
547 4707 710 4780 veroipsum
720 4708 821 4784 dogma
830 4708 933 4767 discer-
981 4708 1111 4784 tetigerit,
1128 4708 1174 4783 qni
1188 4709 1309 4777 tulisset,
1321 4708 1667 4780 nonlotisanlemanihns,
1681 4719 1732 4770 »et
1741 4726 1785 4769 re·

133 4804 224 4854 natur.
241 4796 382 4854 vallicula
396 4813 496 4870 pravas
506 4796 654 4855 sententias
663 4799 831 4870 procedunt;
846 4798 934 4871 pallor
982 4797 1067 4873 liqna.
1077 4799 1136 4856 lloc
1143 4807 1184 4855 εει
1192 4813 1384 4873 quemcunque
1391 4797 1439 4855 ille
1445 4797 1614 4869 immundus,
1627 4814 1683 4857 non
1692 4816 1784 4859 mum·

135 4893 163 4943 et
176 4885 260 4942 mbor
269 4886 430 4957 jactantiam
445 4894 473 4944 et
487 4886 654 4959 snperbiam.
672 4908 684 4940 ι
707 4886 803 4944 Statim
825 4887 934 4946 claudet
982 4889 1052 4946 dalis
1066 4885 1142 4962 prins
1156 4887 1295 4961 operibns,
1311 4889 1368 4946 suis
1382 4887 1514 4961 exemplis
1529 4888 1742 4960 attaminaverit,
1758 4898 1785 4948 et

134 4989 206 5042 eam,
224 4995 236 5025 ι
252 4975 306 5032 hoc
319 4984 360 5032 εει
373 4975 449 5031 illum
464 4976 576 5032 damnat
590 4991 721 5046 errorem,
731 4984 758 5033 et
771 4992 806 5034 ne
820 4977 934 5035 ulterius
983 4978 1089 5052 reliqua
1103 4985 1132 5034 ut
1146 4993 1239 5050 supra.
1256 4999 1268 5031 a
1286 4978 1341 5036 Vas
1354 4975 1437 5035 fictile
1445 4976 1519 5052 quod
1528 4978 1651 5053 tetigerit
1658 4978 1784 5037 conlr'in·

134 5060 300 5135 divulgetur,
320 5064 443 5137 oppilare
464 5064 620 5122 contendat.
648 5086 660 5118 ι
690 5067 867 5140 Reverusque
889 5067 934 5125 die
982 5074 1073 5142 gelur.
1087 5089 1099 5119 ι
1111 5066 1141 5124 Si
1151 5084 1232 5140 quem
1242 5065 1378 5142 fragilem,
1396 5065 1532 5141 εειιεειιε
1541 5067 1646 5143 corrigi
1654 5083 1711 5127 non
1721 5084 1785 5143 pos·

135 5148 262 5224 septimo,
281 5172 293 5202 r
308 5151 336 5207 id
351 5161 393 5208 εει
406 5162 468 5225 post
491 5163 600 5212 cantmn
624 5155 894 5235 examinationem,a
911 5156 935 5213 si
953 5160 956 5165 ’
982 5155 1026 5228 εἰι,
1044 5156 1192 5224 seduxerit,
1209 5155 1272 5213 lorti
1286 5154 1430 5229 disciplina
1445 5164 1614 5229 coerceatur,
1630 5157 1721 5231 quise
1734 5158 1787 5216 de·

137 5238 274 5305 invenerit
297 5239 418 5297 crevisse
441 5240 547 5314 lepram
574 5244 763 5318 »etreliqua
786 5244 815 5301 id
845 5252 887 5301 εει
911 5245 935 5301 si
983 5246 1036 5319 cipi
1051 5245 1183 5320 permisit.
1201 5268 1214 5299 a
1232 5247 1286 5302 Vas
1300 5246 1450 5321 ligneum·
1472 5245 1611 5303 lenitatem
1631 5245 1787 5322 aliquemne

137 5344 262 5389 errorem
274 5344 453 5402 perseverare
467 5334 650 5405 conspexerit,
668 5355 680 5385 ι
700 5333 808 5403 jubebit
829 5332 935 5407 lapides
984 5334 1130 5408 significat,
1148 5352 1218 5408 quae,
1234 5336 1300 5392 dnm
1314 5335 1424 5404 labitur,
1440 5351 1491 5408 per
1505 5335 1639 5408 lacrymas
1653 5336 1786 5408 poeniteu

134 5419 209 5492 ipsos
225 5418 294 5487 erni,
312 5417 381 5475 »vel
395 5417 470 5491 ipsos
482 5420 641 5480 seductores
655 5430 682 5480 et
696 5438 790 5480 eornm
804 5421 935 5499 dogmata
983 5425 1028 5482 tiae
1042 5433 1221 5483 restauratur.
1239 5446 1251 5478 ι
1268 5425 1297 5482 Si
1312 5432 1422 5482 sanatus
1441 5422 1533 5493 inerit,
1559 5425 1606 5498 qui
1629 5424 1789 5496 hujusmodi

136 5517 212 5566 extra
221 5509 376 5568 Ecclesiam
391 5506 463 5566 inter
476 5510 619 5568 haereticos
627 5520 721 5585 ponat.
737 5514 878 5570 «Domum
888 5528 935 5571 au·
984 5514 1100 5573 sustinet
1113 5515 1279 5588 passionem,
1299 5534 1311 5566 s
1329 5515 1431 5573 hocest
1441 5514 1464 5570 si
1476 5514 1680 5588 suprascriptus
1697 5529 1790 5572 corre·

136 5605 192 5656 tem
205 5600 293 5672 ipsam
307 5600 480 5672 intrinsecus,
499 5620 511 5652 r
527 5599 556 5657 id
571 5608 622 5672 est,
633 5603 722 5674 ipsam
730 5604 862 5661 mandare
869 5619 935 5663 con·
984 5613 1044 5665 ctus
1058 5606 1147 5679 fuerit,
1166 5627 1177 5660 ι
1194 5605 1349 5664 numerabit
1363 5612 1469 5680 septem
1477 5603 1547 5675 dies,
1567 5603 1792 5669 »remissionem
