3772 6112
123 224 180 281 cll
353 247 355 252 ¹
620 213 775 277 semona
790 216 970 278 comitr.
990 218 1120 277 naalia
1134 220 1172 278 IN
1185 218 1298 278 eavit.
1727 225 1780 283 tta

124 351 153 402 et
163 342 215 400 rel.
227 341 258 398 ld
272 348 324 412 est,
335 341 398 398 licet
407 338 483 397 multi
492 338 660 398 deviaverint
674 356 691 395 a
704 341 796 396 divina
806 340 929 411 scientia,
944 347 1123 410 Anumerum
1137 344 1165 399 in
1179 343 1286 414 majori,
1302 350 1330 399 et
1343 343 1449 400 videbis
1463 352 1629 416 preceptum
1643 352 1776 402 assetan·

124 440 219 488 tamen
239 440 266 488 ει
290 429 359 487 fides
384 429 518 486 catholica
545 430 658 500 eiusque
686 429 810 485 doctrina
837 438 929 487 manet
977 433 1092 504 tispene
1106 432 1202 487 diebus
1217 433 1355 488 hominem
1369 434 1495 488 mundari
1510 433 1618 504 quantis
1642 432 1776 491 formatur

125 519 357 592 inexpugnabilis.
377 540 388 570 ι
402 518 431 574 Si
438 517 568 574 ceciderit
576 533 659 589 snper
667 525 827 588 sementem,
845 538 857 568 r
874 526 927 575 etc.
978 520 1007 576 in
1021 529 1099 577 utero
1115 538 1122 575 :
1137 521 1200 577 licet
1215 520 1259 577 hic
1270 521 1505 593 quadragenarius
1520 522 1555 577 ad
1568 521 1701 590 majorem
1715 531 1776 578 ten·

125 609 159 667 ld
173 618 215 666 est
229 608 253 664 si
267 608 504 677 catechumenum,
522 607 568 678 qui
579 614 620 662 est
631 606 660 660 in
675 605 809 677 baptismo
828 622 929 663 conse·
979 608 1024 664 dat
1039 609 1215 665 intellectum.
1233 611 1307 664 Deus
1332 610 1405 665 enim
1433 609 1570 665 hominem
1589 608 1715 666 formavit
1742 610 1779 668 ad

124 697 271 771 peliendus
286 696 394 753 Christo
407 704 436 751 ut
457 693 618 762 vivificetur,
632 695 754 763 ejusdem
769 694 844 750 modi
857 695 929 751 mala
979 698 1127 771 imaginem
1143 713 1231 768 suam,
1249 699 1295 770 qui
1308 699 1361 754 hac
1376 698 1531 754 conditione
1552 697 1666 754 formari
1679 697 1780 755 dicitur

126 786 254 858 exempla
269 784 419 859 attigerint,
435 783 609 838 mundabitur
630 783 659 837 in
682 783 831 855 baptismo.
852 804 864 834 ι
881 783 928 840 Sin
978 786 1007 842 in
1021 794 1107 853 utero,
1124 787 1183 858 ipse
1197 786 1294 842 Filium
1309 803 1386 842 sunm
1401 787 1453 844 hac
1473 787 1536 860 lege
1550 787 1682 843 nascendi
1695 801 1781 859 opere

124 884 218 932 autem
242 873 379 947 quispiam
404 879 553 928 sementem
583 886 655 942 aqua
678 871 837 942 perfuderit,
868 880 929 929 »et
980 874 1096 946 Spiritus
1110 875 1196 930 sancti
1219 875 1366 930 destinavit
1395 875 1424 929 in
1451 883 1558 931 uterum
1573 875 1704 948 Virginis,
1723 897 1735 927 ι
1752 875 1781 932 in

124 965 191 1033 rel,
206 964 299 1033 idest,
315 970 459 1034 postquam
485 960 633 1032 baptizatus
654 959 744 1031 luerit,
775 962 799 1017 si
826 977 857 1017 se
870 962 929 1032 jam
977 978 1032 1034 quo
1046 964 1149 1019 habitat
1162 963 1251 1019 omnis
1265 964 1404 1034 plenitudo
1428 962 1582 1020 Divinitatis
1598 963 1779 1036 corporaliter

123 1052 206 1110 dictis
220 1050 374 1119 introiverit,
391 1066 455 1106 reus
470 1049 531 1104 erit.
550 1070 562 1100 ι
576 1048 604 1105 Si
619 1042 755 1104 mortuum
767 1049 849 1106 luerit
865 1051 928 1107 ani·
978 1052 1146 1125 (Coloten),
1161 1073 1173 1102 ι
1185 1069 1246 1124 quae
1254 1060 1295 1108 est
1309 1053 1402 1125 imago
1416 1053 1467 1107 Dei
1476 1052 1630 1121 invisibilis3
1642 1053 1699 1124 qui,
1709 1069 1778 1125 per·

123 1140 183 1197 mal
198 1140 271 1213 quod
286 1139 506 1196 licctcomedere
522 1136 610 1207 vobis,
630 1157 641 1187 ι
663 1144 690 1193 ει
706 1138 755 1193 rel.
772 1139 800 1194 Si
816 1139 928 1212 quilibet
977 1151 1038 1197 acta
1066 1141 1269 1212 dispensatione
1297 1141 1503 1207 incarnationis,
1537 1150 1599 1214 post
1631 1141 1779 1213 passionis·

118 1229 224 1300 justus,
239 1229 315 1298 cujus
332 1227 457 1298 exempla
466 1226 544 1298 sequi
558 1233 663 1282 rectum
683 1226 800 1295 videtur,
825 1244 877 1300 per
897 1244 928 1285 se
977 1229 1130 1299 victoriam,
1148 1231 1360 1302 quadragesimo
1375 1232 1419 1288 die
1434 1231 1519 1287 coelos
1547 1230 1671 1287 ascendit
1699 1236 1726 1286 ει
1746 1229 1781 1288 ad

124 1318 230 1389 lapsus,
246 1325 373 1384 mortem,
389 1316 486 1372 anirnae
500 1313 652 1384 incurrerit,
678 1316 724 1387 qui
739 1317 927 1374 communica·
976 1319 1101 1375 dextram
1115 1318 1166 1374 Dei
1177 1320 1265 1375 victor
1278 1320 1411 1387 consedit,
1431 1327 1460 1374 ut
1475 1335 1526 1375 nos
1541 1335 1592 1391 pro
1603 1335 1721 1392 quorum
1743 1318 1780 1375 li·

124 1407 196 1463 verit
209 1406 273 1462 vitae
282 1408 342 1475 eius
350 1405 393 1461 vel
404 1414 514 1462 secutus
526 1403 607 1459 suerit
616 1404 739 1475 exempla
750 1406 818 1475 ejus,
829 1415 927 1478 purget
975 1407 1116 1464 horatione
1132 1408 1268 1464 nascendo
1283 1416 1312 1462 ut
1332 1409 1414 1462 homo
1444 1408 1565 1477 advenit,
1596 1422 1711 1480 quorum
1734 1423 1779 1464 na·

123 1510 155 1551 se
170 1494 244 1550 fonte
267 1493 451 1567 lacrymarum
467 1497 602 1568 usquead
626 1495 774 1570 perlectam
792 1495 927 1566 poeniten·
985 1504 1053 1553 turae
1067 1497 1236 1552 consortium
1248 1497 1373 1568 accipere
1388 1513 1443 1553 non
1457 1497 1554 1564 timuit,
1571 1505 1633 1569 post
1653 1507 1780 1569 tempora

122 1583 200 1638 tiam
218 1604 230 1634 ι
247 1582 335 1639 Omne
350 1584 420 1656 quod
431 1592 519 1655 reptat
528 1601 612 1656 super
626 1595 762 1651 terram,›
779 1591 807 1639 et
820 1583 883 1651 rel.,
898 1582 926 1641 id
946 1631 954 1640 .
984 1584 1064 1655 hujus
1077 1586 1148 1652 vitae,
1166 1586 1263 1657 quibus
1277 1586 1513 1659 quadragenarius
1532 1587 1669 1653 convenit,
1690 1594 1717 1642 ει
1743 1585 1779 1640 ad

123 1679 165 1728 εει
179 1671 335 1745 quicunqne
358 1672 500 1728 desideriis
519 1674 630 1730 caducis
653 1673 785 1729 innititur.
806 1694 818 1724 ι
836 1670 925 1741 Quid·
939 1706 966 1768 Β
978 1673 1208 1730 immortalitatem
1224 1690 1286 1730 cum
1297 1674 1346 1730 Dei
1362 1675 1470 1743 auxilio,
1484 1675 1598 1732 victoria
1610 1684 1705 1732 contra
1714 1674 1777 1730 dia·
1878 1733 1881 1737 ,

123 1760 190 1834 quid
204 1776 288 1831 super
301 1769 397 1832 pectus
411 1762 568 1834 quadrupes
584 1763 718 1835 graditur,
737 1768 787 1818 »et
806 1761 857 1817 rel.
873 1759 927 1831 Qui
982 1761 1073 1817 bolum
1089 1769 1211 1833 peracta,
1238 1762 1265 1816 in
1280 1779 1397 1835 regnum
1412 1762 1524 1818 coeleste
1549 1763 1732 1834 sublevemur,
1754 1768 1782 1819 ει

121 1856 179 1906 tota
195 1847 360 1906 confidentia
373 1850 402 1905 in
424 1851 541 1907 terrenis
557 1851 679 1918 conlidit,
698 1858 817 1923 quatuor
831 1851 926 1906 Evan-
976 1850 1048 1905 inter
1062 1864 1129 1905 oves
1144 1865 1206 1906 cum
1221 1851 1329 1906 Christo
1345 1859 1508 1923 regnaturas
1521 1867 1537 1905 a
1558 1851 1660 1906 dextris
1680 1867 1778 1907 nume·

120 1938 260 2014 geliorum
274 1939 354 1995 dictis
374 1947 401 1994 et
424 1940 606 2011 plurimorum
630 1940 746 1997 aliorum
762 1939 926 1996 testimoniis
974 1939 1030 1993 rari
1048 1954 1212 1994 mereamur.
1233 1939 1308 1994 «Sin
1337 1946 1428 1993 autem
1451 1938 1581 1994 laminam
1600 1939 1714 2010 peperit,
1724 1938 1775 1994 im-

120 2028 254 2085 librorum
269 2043 346 2082 suam
367 2028 461 2083 nititur
475 2028 640 2102 confirmare
659 2028 847 2101 pertinaciam,
873 2030 926 2085 hoc
975 2026 1779 2097 mundaeritduabushebdomadibus,‚etrelQuiafemina

121 2117 196 2190 quod
211 2116 344 2171 Dominus
358 2132 409 2187 pro
425 2117 612 2174 misericordia
626 2117 690 2176 iecit
706 2117 758 2172 sibi
773 2117 801 2172 in
818 2117 926 2173 deside·
974 2116 1094 2187 primum
1106 2115 1225 2187 seipsam
1235 2123 1262 2171 et
1279 2115 1367 2171 virum
1378 2115 1491 2186 decepta
1501 2115 1619 2187 decepit,
1635 2115 1697 2172 ideo
1717 2131 1778 2171 ma-

118 2205 225 2262 riorum
235 2205 402 2276 voluptatem
418 2206 570 2274 vindicans,
587 2207 610 2262 si
625 2206 754 2263 invitatus
773 2205 808 2261 ad
824 2205 923 2263 couvi·
972 2204 1026 2274 jori
1043 2204 1163 2273 subjacet
1178 2203 1383 2272 maledictioni;
1400 2205 1460 2260 viro
1485 2204 1558 2259 enim
1588 2204 1690 2260 dictum
1714 2210 1774 2261 est:

118 2294 166 2351 ria
188 2302 364 2366 peccatorum
377 2296 504 2365 assensit,
525 2304 552 2351 et
563 2295 781 2367 caeterasimilia.
804 2317 815 2346 ι
832 2295 924 2352 Sancti
976 2292 1409 2364 ‹Maledictaterrainoperetno,
1421 2313 1432 2343 ι
1443 2300 1496 2349 ειε.
1510 2312 1518 2360 ;
1533 2300 1560 2349 et
1568 2293 1776 2350 taunucum

121 2389 219 2448 estote,
250 2382 379 2456 quoniam
405 2399 458 2457 ego
485 2393 596 2441 sanctus
621 2400 691 2455 sum,
724 2390 784 2439 »et
806 2383 870 2451 rel,
895 2391 925 2439 ut
973 2396 1036 2439 eam
1049 2389 1177 2453 operatus
1192 2380 1311 2449 fueris»
1330 2390 1394 2449 etc.;
1411 2389 1438 2437 et
1453 2399 1490 2436 :r
1514 2383 1544 2436 ln
1559 2382 1661 2438 sudore
1683 2381 1775 2438 vultus

116 2472 193 2541 jnsto
204 2472 280 2542 justi,
296 2481 392 2529 sancto
407 2473 504 2541 sancti,
521 2473 594 2528 bono
617 2472 691 2543 boni,
709 2472 805 2529 famuli
833 2471 923 2529 famu·
973 2469 1106 2537 vesceris,
1119 2490 1131 2520 a
1144 2478 1208 2538 ειε.;
1224 2469 1332 2525 mulieri
1351 2477 1442 2525 autem
1459 2486 1466 2523 ι
1486 2492 1497 2521 t
1515 2470 1547 2525 In
1570 2469 1663 2527 dolore
1682 2469 1775 2541 paries

122 2560 224 2619 lentur.
975 2557 1056 2626 filios,
1073 2566 1101 2614 et
1116 2558 1166 2614 sub
1180 2557 1234 2613 viri
1248 2565 1382 2629 potestate
1393 2557 1447 2614 eris
1458 2557 1594 2629 (Gentis).
1613 2578 1625 2608 ι
1643 2557 1775 2615 lllilabor

973 2645 1137 2718 forinsecus
1147 2647 1192 2701 isti
1206 2647 1366 2719 praedicitur
1380 2647 1553 2703 intrinsecus.
1572 2647 1678 2703 Dicunt
1690 2647 1774 2704 etiam

426 2711 538 2770 CAPUT
557 2712 619 2769 ΧΠ·
971 2734 1074 2793 fluxum
1089 2735 1231 2810 sanguinis
1246 2751 1297 2807 pro
1311 2736 1433 2792 masculo
1448 2743 1554 2807 septem
1577 2751 1639 2792 csse
1652 2735 1771 2805 dierum,

971 2840 1022 2898 pro
1036 2824 1136 2881 semina
1155 2841 1221 2881 vero
1235 2825 1342 2881 dierum
1370 2825 1595 2898 quatuordecim
1620 2832 1647 2881 et
1670 2833 1772 2897 quanto

971 2921 1014 2970 εει
1024 2931 1090 2970 sexu
1102 2912 1247 2981 infirmior,
1264 2921 1339 2970 tanto
1354 2914 1389 2968 sit
1403 2921 1468 2969 natu
1483 2913 1658 2984 inquinatior.
1684 2915 1770 2970 Porro

972 3003 1179 3077 quatuordecim
1194 3011 1221 3058 ct
1235 3003 1377 3077 sexaginta
1390 3019 1438 3058 sex
1453 3002 1592 3074 octoginta
1606 3001 1718 3069 iaciunt,
1741 3001 1769 3057 in

156 2876 168 2908 a
184 2855 282 2912 llulier
293 2856 316 2911 si
326 2863 453 2927 suscepto
463 2854 920 2927 seminaperpereritmasculum»,

119 2954 148 3004 ει
161 2945 213 3002 rel.
230 2946 260 3000 ln
275 2946 328 3002 hoe
342 2946 459 3016 capitulo
481 2945 578 3017 primae
604 2944 835 3017 prevaricationis
859 2943 922 3000 lacit

119 3035 417 3102 commemorationem,
434 3042 463 3089 ut
478 3035 543 3107 quia
570 3036 652 3090 homo
677 3035 705 3089 in
734 3033 960 3131 iniquitatibusc

119 3123 273 3196 concipitur
286 3131 313 3179 et
326 3123 486 3195 inpeccatis
499 3131 665 3194 procreatur,
691 3122 759 3179 sciat
781 3123 919 3195 quomodo
969 3108 1024 3166 ‘³¹¹⁰
1034 3108 1166 3192 merus
1180 3107 1305 3192 ffupffsms
1319 3092 1483 3191 duphfamr·
1500 3107 1562 3190 ΨΜ
1584 3091 1683 3147 mUher
1706 3106 1769 3192 {effi

121 3213 246 3269 aveteri
261 3212 453 3269 maledictione
470 3212 642 3268 mundandus
666 3211 710 3268 sit.
736 3213 821 3268 Porro
841 3219 922 3268 natus
968 3189 1058 3254 penus
1072 3196 1245 3252 9⁹¹⁸¹¹³⁵¹⁰¹¹¹
1270 3189 1409 3237 ⁰⁰n⁸e¹¹⁵¹²
1431 3188 1457 3236 ⁰¹
1482 3196 1570 3237 mmm
1600 3195 1772 3252 p⁸ffi¹¹⁸⁸¹⁰¹¹¹

117 3301 203 3358 homo
222 3302 273 3356 ,ub
297 3301 345 3357 ,ali
372 3301 526 3358 commone
554 3300 722 3356 immundam
746 3300 829 3356 mh„
856 3316 918 3357 m„
969 3287 1026 3327 suae
1040 3272 1194 3327 consentire
1209 3269 1319 3343 coegit;
1336 3270 1379 3325 vir
1392 3276 1484 3326 autern
1499 3269 1550 3325 soli
1564 3261 1704 3327 consensit
1712 3285 1769 3325 mu·

116 3398 208 3458 trem3
224 3399 329 3462 septam
338 3390 445 3457 diebus,
454 3390 482 3445 id
493 3398 534 3446 est
545 3397 600 3446 toto
615 3398 739 3462 tempore
750 3389 830 3459 hujus
843 3388 916 3457 vitm,
967 3359 1038 3416 lieri.
1055 3360 1147 3416 Potest
1162 3359 1242 3415 etiarn
1265 3358 1324 3430 ipse
1352 3359 1547 3432 octogenarius
1578 3375 1707 3415 numems
1733 3359 1769 3415 ad

116 3480 170 3536 sub
184 3479 306 3554 ingenita
319 3478 463 3550 fragilitate
475 3495 504 3534 se
519 3479 796 3553 noveritoblrgatum.
810 3500 822 3530 ι
838 3474 918 3534 Juxta
968 3448 1177 3506 ‘esurseoeimis
1204 3447 1311 3545 deflecfi
1340 3445 1569 3545 Sigflifiwmem
1593 3465 1600 3502 ²
1617 3448 1767 3505 dioendum

116 3567 192 3624 diem
206 3567 388 3640 separationis
403 3576 560 3634 menstrua,
580 3589 591 3619 a
608 3567 693 3623 idest
708 3583 769 3641 quae
784 3567 917 3639 sanguine
968 3552 1077 3610 ‘imque
1092 3536 1166 3609 ΨΜ
1181 3543 1282 3609 quanm
1295 3533 1429 3591 ¹nfirm¹⁰r
1444 3544 1485 3591 ⁰⁸¹
1500 3536 1592 3603 h⁰¹¹¹⁰’
1609 3543 1685 3592 mm
1707 3551 1766 3592 Μ’

115 3657 176 3713 nui,
191 3657 249 3714 si„
264 3665 326 3730 pos,
340 3664 457 3728 panum,
475 3657 532 3714 si„
547 3657 575 3711 in
589 3665 681 3730 parm,
697 3665 803 3729 semem
818 3656 915 3713 diebus
964 3626 1025 3696 jore
1039 3625 1144 3698 indiget
1158 3624 1369 3680 emendatione:
1388 3644 1400 3674 ι
1418 3622 1529 3680 Deleret
1542 3640 1645 3697 agnum
1660 3632 1687 3681 et
1703 3624 1764 3696 pul·

115 3744 257 3803 immunda
264 3754 315 3802 est.
329 3768 340 3796 r
353 3746 403 3802 Die
413 3755 510 3802 octavo
518 3745 731 3802 circumcidetur
740 3744 914 3813 infantulus»
965 3714 1023 3815 ΙΨ
1036 3713 1238 3814 ⁰⁰l¹¹f¹¹baeffve
1248 3719 1390 3782 'murem’
1409 3731 1421 3762 ’
1437 3711 1465 3766 id
1489 3720 1531 3767 θα
1553 3712 1616 3769 Vitae
1633 3713 1764 3813 i¹¹¹²⁰⁰0¹¹ss

116 3835 260 3909 quiam
274 3836 302 3890 in
325 3835 369 3891 die
398 3835 617 3899 ,esurrwionis’
648 3834 722 3891 omni
745 3834 916 3891 monalium,
965 3810 1030 3858 tram
1045 3810 1072 3859 et
1086 3803 1285 3875 ειιρριιειιειεη]
1299 3816 1331 3858 εε
1346 3808 1499 3858 castitatem
1513 3802 1571 3857 Deo
1594 3798 1701 3868 offerat,
1717 3817 1765 3872 qur

114 3923 179 3982 labe
188 3924 321 3996 deposita,
337 3924 499 3995 aprimaevae
506 3924 688 3980 damnationis
699 3922 812 3981 vinculis
824 3924 915 3980 absol·
965 3892 1111 3948 mundans
1133 3907 1149 3947 ⁸
1168 3891 1289 3992 P⁰⁰⁰³¹i³
1302 3889 1395 3946 indm
1417 3890 1491 3991 velit,
1509 3890 1539 3945 in
1560 3890 1761 3946 sanctuarium·

114 4022 224 4072 ventur.
237 4035 249 4064 ι
262 4015 324 4085 Ιρεε
340 4029 404 4069 vero
419 4014 532 4087 triginta
547 4013 634 4069 trihus
643 4013 740 4069 diebus
750 4012 872 4069 manebit
885 4013 915 4069 in
966 3982 1101 4040 5⁸⁰8&OE
1116 3981 1239 4038 Chn⁸²¹¹⁸
1253 3989 1305 4052 θεῖ’
1320 3988 1349 4035 ut
1368 3995 1442 4051 ⁵aep⁸
1465 3980 1569 4036 dmum
1582 3986 1634 4035 ⁶⁸⁸·
1652 4000 1664 4031 ‘
1681 3977 1761 4049 ΟΜ

114 4102 259 4177 sanguine,
278 4123 290 4152 ε
302 4109 329 4158 ει
344 4102 394 4157 rel.
405 4102 528 4176 Triginta
547 4102 634 4158 tribus
643 4102 817 4169 transcursis,
834 4102 862 4158 id
873 4108 915 4158 εει
965 4071 988 4127 ⁸i
1003 4086 1057 4128 ¹¹⁰⁰
1072 4070 1206 4171 inmari
1219 4086 1318 4170 mff¹¹¹J⁸
1332 4072 1401 4171 eim»
1413 4090 1425 4122 '
1438 4078 1464 4128 ⁹²
1478 4069 1528 4169 ἷθῙ·
1545 4067 1621 4126 Sim
1635 4068 1663 4124 5¹¹
1677 4084 1763 4125 ⁰¹¹¹OE

113 4184 283 4267 perfectione
298 4192 432 4248 bonorum
456 4207 570 4263 ,perum
585 4192 614 4246 qn
624 4190 762 4247 Trium,
780 4190 834 4247 fid,
845 4207 913 4248 con,
964 4160 1016 4217 bus
1036 4161 1261 4233 provrdentraller
1270 4169 1377 4233 pretatis
1387 4159 1506 4218 consulit
1519 4159 1637 4214 humano
1651 4173 1757 4230 genem,

114 4288 262 4348 summme,
278 4280 313 4336 ad
324 4280 464 4353 templum,
475 4279 503 4336 id
514 4289 555 4336 est
567 4281 602 4337 ad
612 4280 731 4338 coelestis
741 4279 914 4337 Hierusalem
963 4248 1002 4305 Μ
1015 4255 1043 4306 et
1056 4249 1102 4305 ΜΟ
1114 4265 1265 4322 pauperum
1288 4250 1422 4350 felem&
1444 4248 1574 4347 impin?
1604 4245 1657 4347 Q
1685 4247 1758 4303 ‘nim

112 4370 319 4437 habitationem,
337 4386 399 4427 cum
420 4370 572 4445 gratiarum
595 4370 702 4426 actione
721 4386 911 4443 properamus,
964 4354 1020 4394 ⁰⁰¹¹
1033 4344 1123 4410 ¹³⁰²&
1150 4354 1262 4411 ΨΜ
1291 4339 1320 4394 ¹d
1348 4346 1390 4395 ⁸⁸²
1415 4345 1599 4394 mmmmm
1621 4343 1758 4410 ΜΝ

113 4461 177 4537 quia
192 4460 281 4517 donec
300 4460 443 4532 originalis
457 4461 563 4532 peccati
586 4459 707 4516 loeditate
727 4429 948 4529 absolvamur,n
962 4428 1086 4498 duwe’
1115 4436 1204 4482 mmet
1222 4427 1291 4483 ‘¹⁰⁰⁸
1320 4435 1440 4483 turtum
1469 4427 1512 4483 Vel
1539 4426 1630 4498 ⁹⁰¹¹oe
1653 4426 1758 4484 ⁰⁰¹⁰m'

113 4549 151 4607 ad
161 4549 354 4607 sanctuarium
366 4550 499 4607 accedere
513 4565 567 4605 non
578 4549 710 4606 valemus.
727 4547 807 4620 Quod
822 4557 914 4605 autem
961 4517 1013 4618 Ψ]
1042 4517 1072 4616 {d
1086 4524 1128 4574 θεῖ
1147 4515 1383 4616 ⁰⁰f¹¹p¹¹¹²⁰¹i⁰¹¹em
1410 4523 1437 4572 et
1464 4515 1663 4615 mmmmm·
1687 4513 1759 4584 θυῖε
1842 4595 1847 4607 ,

960 4615 1007 4663 ιειι
1020 4605 1097 4662 alites
1112 4614 1244 4678 gemitum
1257 4620 1308 4678 pro
1323 4612 1404 4662 cautu
1419 4602 1531 4671 habent,
1547 4603 1602 4660 duo
1618 4603 1756 4672 dicuntur,

961 4696 1026 4769 quia
1047 4696 1102 4751 duo
1130 4702 1192 4751 sunt
1218 4710 1323 4767 genera
1346 4692 1585 4765 compunctionis:
1609 4690 1757 4766 aliquando

960 4801 1037 4843 mens
1051 4785 1244 4857 compungitur
1257 4791 1371 4856 propter
1399 4790 1503 4839 metum
1521 4783 1664 4857 gehennae,
1681 4784 1757 4856 quod

960 4881 1002 4931 est
1027 4871 1221 4930 unumofferre
1250 4889 1300 4946 pro
1322 4880 1435 4944 peccato
1456 4872 1623 4944 :aliquando
1645 4878 1759 4944 propter

959 4962 1124 5020 desiderium
1137 4962 1217 5034 regni
1230 4961 1360 5029 coelestis,
1376 4962 1429 5018 hoc
1438 4969 1480 5018 est
1489 4961 1540 5018 Dei
1549 4959 1672 5032 visionis,
1683 4961 1757 5035 qaod

959 5060 1001 5109 est
1014 5051 1097 5108 adum
1111 5051 1139 5107 in
1154 5052 1346 5108 holocaustum
1359 5050 1510 5109 immolare.

112 4648 219 4712 septem
242 4640 355 4714 triginta
369 4647 425 4696 tres
441 4640 624 4712 quadraginta
647 4637 776 4706 efficiunt,
800 4639 863 4696 ideo
882 4638 913 4696 iit

111 4736 141 4786 nt
157 4729 267 4802 quantis
281 4729 381 4785 diebus
399 4730 482 4785 homo
500 4728 634 4786 formatur
661 4729 689 4784 in
718 4738 805 4798 utero,
830 4728 912 4786 tantis

109 4818 239 4892 purgatio
250 4819 408 4891 peragatur.
430 4818 534 4875 Dicitur
548 4818 621 4875 enim
638 4818 781 4890 conceptio
795 4819 911 4874 humana

109 4907 152 4965 sic
173 4908 326 4979 procedere
341 4917 367 4964 et
380 4906 486 4980 perfici,
512 4916 541 4963 ut
568 4907 663 4979 primis
688 4915 792 4980 septem
815 4907 912 4964 diebus

110 4996 187 5071 qnasi
202 4996 280 5053 lactis
299 4998 398 5054 habeat
421 4996 636 5064 similitudinem,
663 4997 839 5069 sequentibus
861 5011 910 5053 no·

110 5103 173 5142 rem
188 5085 286 5143 diebus
299 5094 475 5143 convertatur
489 5087 517 5142 in
533 5085 704 5161 sanguinem,
719 5086 818 5143 deinde
839 5086 911 5144 duo·

110 5175 202 5233 decim
216 5175 314 5231 diebus
325 5176 466 5244 solidetur,
483 5175 596 5250 reliquis
620 5176 717 5233 decem
732 5185 759 5232 ει
773 5184 835 5234 οειο
851 5176 910 5234 die·
952 5220 956 5229 .

109 5264 162 5321 bus
176 5264 310 5321 formatur
323 5282 412 5339 usque
426 5266 461 5322 ad
481 5265 602 5338 perfecta
629 5266 795 5323 lineamenta
819 5281 909 5324 mem·
1251 5266 1364 5325 CAPUT
1381 5267 1457 5324 Xlll.

109 5353 233 5421 brorum,
248 5362 274 5411 et
289 5354 352 5412 hinc
363 5356 422 5425 jam
432 5355 538 5429 reliquo
553 5364 676 5428 tempore
690 5372 777 5428 usque
792 5355 828 5411 ad
841 5363 910 5413 tem·

107 5453 160 5511 pua
175 5448 272 5509 partus
285 5439 472 5514 magnitudine
486 5449 630 5514 augeatur.
647 5441 757 5511 Septem
770 5447 871 5508 autem,
883 5447 910 5496 ει
995 5457 1008 5491 r
1024 5439 1141 5496 Locutus
1157 5448 1197 5496 est
1211 5439 1343 5498 Dominus
1365 5442 1400 5498 ad
1413 5443 1524 5516 Moysen
1539 5449 1565 5498 et
1579 5444 1679 5509 Aaron,
1698 5459 1710 5489 r
1729 5447 1756 5494 et

108 5543 219 5595 novem,
236 5537 263 5584 et
276 5529 431 5596 duodecim,
449 5537 474 5585 et
485 5530 581 5586 decem
597 5538 622 5585 et
632 5537 704 5596 octo,
718 5529 746 5585 in
760 5545 845 5585 unum
859 5545 908 5585 co·
958 5528 1073 5601 reliqua.
1090 5528 1145 5585 Cur
1159 5530 1195 5586 td
1209 5538 1354 5605 utrumque
1363 5533 1481 5606 loquitur
1494 5547 1554 5589 cum
1564 5530 1592 5585 in
1602 5527 1697 5584 Exodo
1706 5543 1756 5598 per

108 5616 163 5677 teti
176 5616 467 5693 iaciuntquadragiuta
477 5635 533 5676 sex.
550 5618 689 5678 conclude
700 5619 909 5694 erqoninoren
958 5620 1071 5693 lioysen
1086 5619 1121 5677 ad
1135 5623 1229 5680 Aaron
1243 5636 1273 5680 sc
1282 5621 1437 5681 locuturum
1445 5617 1601 5697 promiserit
1610 5617 1625 5673 t
1634 5615 1756 5690 sedquia
