<?xml version="1.0" encoding="UTF-8"?>
<!DOCTYPE html PUBLIC "-//W3C//DTD XHTML 1.0 Transitional//EN"
    "http://www.w3.org/TR/xhtml1/DTD/xhtml1-transitional.dtd">
<html xmlns="http://www.w3.org/1999/xhtml" xml:lang="en" lang="en">
 <head>
  <title>
</title>
<meta http-equiv="Content-Type" content="text/html;charset=utf-8" />
  <meta name='ocr-system' content='tesseract 3.04.00' />
  <meta name='ocr-capabilities' content='ocr_page ocr_carea ocr_par ocr_line ocrx_word'/>
</head>
<body>
  <div class='ocr_page' id='page_1' title='image "./patrologiaecurs06saingoog_0532.png"; bbox 0 0 3772 6112; ppageno 0'>
   <div class='ocr_carea' id='block_1_1' title="bbox 51 268 124 323">
    <p class='ocr_par' dir='ltr' id='par_1_1' title="bbox 51 268 124 323">
     <span class='ocr_line' id='line_1_1' title="bbox 51 268 124 323; baseline -0.014 0"><span class='ocrx_word' id='word_1_1' title='bbox 51 268 124 323; x_wconf 71' lang='grc'>1083</span> 
     </span>
    </p>
   </div>
   <div class='ocr_carea' id='block_1_2' title="bbox 669 253 1132 318">
    <p class='ocr_par' dir='ltr' id='par_1_2' title="bbox 669 253 1132 318">
     <span class='ocr_line' id='line_1_2' title="bbox 669 253 1132 318; baseline -0.019 0"><span class='ocrx_word' id='word_1_2' title='bbox 669 260 752 318; x_wconf 80' lang='lat' dir='ltr'>VITA</span> <span class='ocrx_word' id='word_1_3' title='bbox 767 258 795 315; x_wconf 91' lang='lat' dir='ltr'>S.</span> <span class='ocrx_word' id='word_1_4' title='bbox 811 253 948 312; x_wconf 81' lang='lat' dir='ltr'>llllllllAE</span> <span class='ocrx_word' id='word_1_5' title='bbox 962 253 1132 312; x_wconf 75' lang='lat' dir='ltr'>mousom.</span> 
     </span>
    </p>
   </div>
   <div class='ocr_carea' id='block_1_3' title="bbox 1638 252 1709 309">
    <p class='ocr_par' dir='ltr' id='par_1_3' title="bbox 1638 252 1709 309">
     <span class='ocr_line' id='line_1_3' title="bbox 1638 252 1709 309; baseline -0.014 0"><span class='ocrx_word' id='word_1_6' title='bbox 1638 252 1709 309; x_wconf 76' lang='lat' dir='ltr'>lost</span> 
     </span>
    </p>
   </div>
   <div class='ocr_carea' id='block_1_4' title="bbox 51 376 1585 461">
    <p class='ocr_par' dir='ltr' id='par_1_4' title="bbox 51 376 1585 461">
     <span class='ocr_line' id='line_1_4' title="bbox 51 376 1585 461; baseline -0.012 -12"><span class='ocrx_word' id='word_1_7' title='bbox 51 393 89 449; x_wconf 88' lang='lat' dir='ltr'>Et</span> <span class='ocrx_word' id='word_1_8' title='bbox 103 390 194 461; x_wconf 91' lang='lat' dir='ltr'>doleo,</span> <span class='ocrx_word' id='word_1_9' title='bbox 215 404 277 445; x_wconf 90' lang='lat' dir='ltr'>narn</span> <span class='ocrx_word' id='word_1_10' title='bbox 296 387 412 460; x_wconf 87' lang='lat' dir='ltr'>pulchra</span> <span class='ocrx_word' id='word_1_11' title='bbox 426 387 473 443; x_wconf 95' lang='lat' dir='ltr'>tibi</span> <span class='ocrx_word' id='word_1_12' title='bbox 497 403 570 445; x_wconf 93' lang='lat' dir='ltr'>nunc</span> <span class='ocrx_word' id='word_1_13' title='bbox 584 385 701 459; x_wconf 76' lang='lat' dir='ltr'>suppetit</span> <span class='ocrx_word' id='word_1_14' title='bbox 728 393 803 456; x_wconf 81' lang='lat' dir='ltr'>aetas,</span> <span class='ocrx_word' id='word_1_15' title='bbox 872 379 1073 453; x_wconf 77' lang='lat' dir='ltr'>Al‘erpetitur,</span> <span class='ocrx_word' id='word_1_16' title='bbox 1089 386 1180 436; x_wconf 90' lang='lat' dir='ltr'>tractu</span> <span class='ocrx_word' id='word_1_17' title='bbox 1193 377 1255 436; x_wconf 83' lang='lat' dir='ltr'>coeli</span> <span class='ocrx_word' id='word_1_18' title='bbox 1269 393 1321 435; x_wconf 92' lang='lat' dir='ltr'>vox</span> <span class='ocrx_word' id='word_1_19' title='bbox 1345 376 1429 433; x_wconf 89' lang='lat' dir='ltr'>missa</span> <span class='ocrx_word' id='word_1_20' title='bbox 1444 376 1563 434; x_wconf 80' lang='lat' dir='ltr'>cucurrit</span> <span class='ocrx_word' id='word_1_21' title='bbox 1579 395 1585 431; x_wconf 96' lang='lat'><strong>:</strong></span> 
     </span>
    </p>
   </div>
   <div class='ocr_carea' id='block_1_5' title="bbox 52 476 808 906">
    <p class='ocr_par' dir='ltr' id='par_1_5' title="bbox 52 476 714 553">
     <span class='ocr_line' id='line_1_5' title="bbox 52 476 714 553; baseline -0.015 -13"><span class='ocrx_word' id='word_1_22' title='bbox 52 484 89 540; x_wconf 86' lang='lat' dir='ltr'>Et</span> <span class='ocrx_word' id='word_1_23' title='bbox 108 481 213 553; x_wconf 88' lang='lat' dir='ltr'>primos</span> <span class='ocrx_word' id='word_1_24' title='bbox 229 478 331 536; x_wconf 88' lang='lat' dir='ltr'>teneris</span> <span class='ocrx_word' id='word_1_25' title='bbox 353 485 469 533; x_wconf 83' lang='lat' dir='ltr'>ostentat</span> <span class='ocrx_word' id='word_1_26' title='bbox 482 476 594 533; x_wconf 92' lang='lat' dir='ltr'>lloribus</span> <span class='ocrx_word' id='word_1_27' title='bbox 617 491 714 543; x_wconf 91' lang='lat' dir='ltr'>annos,</span> 
     </span>
    </p>

    <p class='ocr_par' dir='ltr' id='par_1_6' title="bbox 52 565 808 906">
     <span class='ocr_line' id='line_1_6' title="bbox 52 565 751 642; baseline -0.016 -13"><span class='ocrx_word' id='word_1_28' title='bbox 52 572 115 630; x_wconf 90' lang='lat' dir='ltr'>Neo</span> <span class='ocrx_word' id='word_1_29' title='bbox 130 567 233 642; x_wconf 82' lang='lat' dir='ltr'>polenis</span> <span class='ocrx_word' id='word_1_30' title='bbox 257 583 354 641; x_wconf 88' lang='lat' dir='ltr'>poenas</span> <span class='ocrx_word' id='word_1_31' title='bbox 368 566 477 639; x_wconf 91' lang='lat' dir='ltr'>penitus</span> <span class='ocrx_word' id='word_1_32' title='bbox 499 565 621 639; x_wconf 86' lang='lat' dir='ltr'>perferre</span> <span class='ocrx_word' id='word_1_33' title='bbox 634 572 751 637; x_wconf 87' lang='lat' dir='ltr'>paratas,</span> 
     </span>
     <span class='ocr_line' id='line_1_7' title="bbox 53 639 735 728; baseline -0.016 -10"><span class='ocrx_word' id='word_1_34' title='bbox 53 661 154 718; x_wconf 83' lang='lat' dir='ltr'>Fervet</span> <span class='ocrx_word' id='word_1_35' title='bbox 168 658 243 714; x_wconf 89' lang='lat' dir='ltr'>enim</span> <span class='ocrx_word' id='word_1_36' title='bbox 257 656 343 714; x_wconf 90' lang='lat' dir='ltr'>crudo</span> <span class='ocrx_word' id='word_1_37' title='bbox 356 655 439 711; x_wconf 87' lang='lat' dir='ltr'>virtus</span> <span class='ocrx_word' id='word_1_38' title='bbox 453 656 480 710; x_wconf 90' lang='lat' dir='ltr'>in</span> <span class='ocrx_word' id='word_1_39' title='bbox 495 639 603 727; x_wconf 77' lang='lat' dir='ltr'>pectore</span> <span class='ocrx_word' id='word_1_40' title='bbox 625 669 735 728; x_wconf 85' lang='lat' dir='ltr'>magna,</span> 
     </span>
     <span class='ocr_line' id='line_1_8' title="bbox 55 743 699 818; baseline -0.012 -13"><span class='ocrx_word' id='word_1_41' title='bbox 55 747 174 805; x_wconf 78' lang='lat' dir='ltr'>Fervida</span> <span class='ocrx_word' id='word_1_42' title='bbox 190 747 240 802; x_wconf 89' lang='lat' dir='ltr'>sed</span> <span class='ocrx_word' id='word_1_43' title='bbox 254 745 365 818; x_wconf 85' lang='lat' dir='ltr'>languet</span> <span class='ocrx_word' id='word_1_44' title='bbox 379 744 458 801; x_wconf 93' lang='lat' dir='ltr'>bellis</span> <span class='ocrx_word' id='word_1_45' title='bbox 468 744 579 802; x_wconf 88' lang='lat' dir='ltr'>audacia</span> <span class='ocrx_word' id='word_1_46' title='bbox 594 743 699 813; x_wconf 87' lang='lat' dir='ltr'>coeptis.</span> 
     </span>
     <span class='ocr_line' id='line_1_9' title="bbox 54 828 808 906; baseline -0.012 -12"><span class='ocrx_word' id='word_1_47' title='bbox 54 835 189 901; x_wconf 78' lang='lat' dir='ltr'>Flectere,</span> <span class='ocrx_word' id='word_1_48' title='bbox 204 834 303 906; x_wconf 81' lang='lat' dir='ltr'>frange</span> <span class='ocrx_word' id='word_1_49' title='bbox 317 832 408 899; x_wconf 82' lang='lat' dir='ltr'>sidem,</span> <span class='ocrx_word' id='word_1_50' title='bbox 434 831 520 889; x_wconf 88' lang='lat' dir='ltr'>laeilis</span> <span class='ocrx_word' id='word_1_51' title='bbox 534 831 610 905; x_wconf 86' lang='lat' dir='ltr'>luga,</span> <span class='ocrx_word' id='word_1_52' title='bbox 626 831 696 888; x_wconf 79' lang='lat' dir='ltr'>sorte</span> <span class='ocrx_word' id='word_1_53' title='bbox 710 828 808 887; x_wconf 85' lang='lat' dir='ltr'>luroris</span> 
     </span>
    </p>
   </div>
   <div class='ocr_carea' id='block_1_6' title="bbox 910 462 1708 895">
    <p class='ocr_par' dir='ltr' id='par_1_7' title="bbox 910 462 1708 629">
     <span class='ocr_line' id='line_1_10' title="bbox 910 462 1708 542; baseline -0.004 -18"><span class='ocrx_word' id='word_1_54' title='bbox 910 469 990 526; x_wconf 93' lang='lat' dir='ltr'>Nunc</span> <span class='ocrx_word' id='word_1_55' title='bbox 1003 483 1083 542; x_wconf 87' lang='lat' dir='ltr'>opus,</span> <span class='ocrx_word' id='word_1_56' title='bbox 1100 483 1116 524; x_wconf 93' lang='lat' dir='ltr'>o</span> <span class='ocrx_word' id='word_1_57' title='bbox 1135 469 1279 533; x_wconf 86' lang='lat' dir='ltr'>blamrnes,</span> <span class='ocrx_word' id='word_1_58' title='bbox 1294 462 1403 534; x_wconf 87' lang='lat' dir='ltr'>animis,</span> <span class='ocrx_word' id='word_1_59' title='bbox 1420 481 1492 523; x_wconf 88' lang='lat' dir='ltr'>nuno</span> <span class='ocrx_word' id='word_1_60' title='bbox 1505 473 1617 537; x_wconf 89' lang='lat' dir='ltr'>pectore</span> <span class='ocrx_word' id='word_1_61' title='bbox 1631 464 1708 536; x_wconf 83' lang='lat' dir='ltr'>lorti,</span> 
     </span>
     <span class='ocr_line' id='line_1_11' title="bbox 911 555 1590 629; baseline -0.006 -15"><span class='ocrx_word' id='word_1_62' title='bbox 911 557 1081 625; x_wconf 81' lang='lat' dir='ltr'>Consortare,</span> <span class='ocrx_word' id='word_1_63' title='bbox 1099 573 1185 629; x_wconf 87' lang='lat' dir='ltr'>prope</span> <span class='ocrx_word' id='word_1_64' title='bbox 1200 563 1241 611; x_wconf 91' lang='lat' dir='ltr'>est</span> <span class='ocrx_word' id='word_1_65' title='bbox 1255 555 1379 625; x_wconf 87' lang='lat' dir='ltr'>victoria,</span> <span class='ocrx_word' id='word_1_66' title='bbox 1394 555 1475 627; x_wconf 88' lang='lat' dir='ltr'>plena</span> <span class='ocrx_word' id='word_1_67' title='bbox 1488 569 1590 611; x_wconf 87' lang='lat' dir='ltr'>corana</span> 
     </span>
    </p>

    <p class='ocr_par' dir='ltr' id='par_1_8' title="bbox 911 643 1429 714">
     <span class='ocr_line' id='line_1_12' title="bbox 911 643 1429 714; baseline -0.01 -11"><span class='ocrx_word' id='word_1_68' title='bbox 911 648 1004 714; x_wconf 89' lang='lat' dir='ltr'>Utere,</span> <span class='ocrx_word' id='word_1_69' title='bbox 1020 645 1119 702; x_wconf 88' lang='lat' dir='ltr'>duritia</span> <span class='ocrx_word' id='word_1_70' title='bbox 1134 645 1213 702; x_wconf 90' lang='lat' dir='ltr'>miles</span> <span class='ocrx_word' id='word_1_71' title='bbox 1228 644 1327 700; x_wconf 88' lang='lat' dir='ltr'>invicte</span> <span class='ocrx_word' id='word_1_72' title='bbox 1348 643 1429 700; x_wconf 90' lang='lat' dir='ltr'>virili.</span> 
     </span>
    </p>

    <p class='ocr_par' dir='ltr' id='par_1_9' title="bbox 911 730 1604 895">
     <span class='ocr_line' id='line_1_13' title="bbox 911 730 1590 808; baseline -0.006 -16"><span class='ocrx_word' id='word_1_73' title='bbox 911 735 987 793; x_wconf 85' lang='lat' dir='ltr'>Hanc</span> <span class='ocrx_word' id='word_1_74' title='bbox 996 750 1092 792; x_wconf 89' lang='lat' dir='ltr'>vocem</span> <span class='ocrx_word' id='word_1_75' title='bbox 1107 734 1216 808; x_wconf 89' lang='lat' dir='ltr'>quidam</span> <span class='ocrx_word' id='word_1_76' title='bbox 1232 732 1331 789; x_wconf 88' lang='lat' dir='ltr'>sanctis</span> <span class='ocrx_word' id='word_1_77' title='bbox 1349 749 1365 788; x_wconf 92' lang='lat' dir='ltr'>e</span> <span class='ocrx_word' id='word_1_78' title='bbox 1379 730 1505 788; x_wconf 82' lang='lat' dir='ltr'>fratribus</span> <span class='ocrx_word' id='word_1_79' title='bbox 1519 731 1590 788; x_wconf 88' lang='lat' dir='ltr'>almo</span> 
     </span>
     <span class='ocr_line' id='line_1_14' title="bbox 911 821 1604 895; baseline -0.009 -13"><span class='ocrx_word' id='word_1_80' title='bbox 911 824 1013 882; x_wconf 80' lang='lat' dir='ltr'>Audito</span> <span class='ocrx_word' id='word_1_81' title='bbox 1027 824 1175 895; x_wconf 90' lang='lat' dir='ltr'>excipiunt,</span> <span class='ocrx_word' id='word_1_82' title='bbox 1192 830 1219 879; x_wconf 92' lang='lat' dir='ltr'>et</span> <span class='ocrx_word' id='word_1_83' title='bbox 1234 822 1316 895; x_wconf 89' lang='lat' dir='ltr'>pleno</span> <span class='ocrx_word' id='word_1_84' title='bbox 1338 829 1450 893; x_wconf 89' lang='lat' dir='ltr'>pectore</span> <span class='ocrx_word' id='word_1_85' title='bbox 1466 821 1604 895; x_wconf 84' lang='lat' dir='ltr'>gaudent;</span> 
     </span>
    </p>
   </div>
   <div class='ocr_carea' id='block_1_7' title="bbox 59 908 1515 996">
    <p class='ocr_par' dir='ltr' id='par_1_10' title="bbox 59 908 1515 996">
     <span class='ocr_line' id='line_1_15' title="bbox 59 908 1515 996; baseline -0.008 -15"><span class='ocrx_word' id='word_1_86' title='bbox 59 923 231 996; x_wconf 85' lang='lat' dir='ltr'>Supplicium</span> <span class='ocrx_word' id='word_1_87' title='bbox 241 920 345 988; x_wconf 87' lang='lat' dir='ltr'>nostri;</span> <span class='ocrx_word' id='word_1_88' title='bbox 360 919 561 993; x_wconf 88' lang='lat' dir='ltr'>Dominumque</span> <span class='ocrx_word' id='word_1_89' title='bbox 580 922 721 993; x_wconf 87' lang='lat' dir='ltr'>Deumque</span> <span class='ocrx_word' id='word_1_90' title='bbox 735 919 861 994; x_wconf 87' lang='lat' dir='ltr'>negando</span> <span class='ocrx_word' id='word_1_91' title='bbox 912 913 962 968; x_wconf 73' lang='lat' dir='ltr'>Asi</span> <span class='ocrx_word' id='word_1_92' title='bbox 975 911 1045 969; x_wconf 76' lang='lat' dir='ltr'>ulios</span> <span class='ocrx_word' id='word_1_93' title='bbox 1059 911 1104 985; x_wconf 80' lang='lat' dir='ltr'>qui</span> <span class='ocrx_word' id='word_1_94' title='bbox 1119 910 1193 968; x_wconf 74' lang='lat' dir='ltr'>nullo</span> <span class='ocrx_word' id='word_1_95' title='bbox 1209 910 1281 966; x_wconf 74' lang='lat' dir='ltr'>sacri</span> <span class='ocrx_word' id='word_1_96' title='bbox 1296 909 1428 967; x_wconf 78' lang='lat' dir='ltr'>solumina</span> <span class='ocrx_word' id='word_1_97' title='bbox 1450 908 1515 965; x_wconf 82' lang='lat' dir='ltr'>dicii</span> 
     </span>
    </p>
   </div>
   <div class='ocr_carea' id='block_1_8' title="bbox 55 1009 754 1527">
    <p class='ocr_par' dir='ltr' id='par_1_11' title="bbox 55 1009 754 1527">
     <span class='ocr_line' id='line_1_16' title="bbox 55 1009 720 1081; baseline -0.008 -12"><span class='ocrx_word' id='word_1_98' title='bbox 55 1011 134 1069; x_wconf 80' lang='lat' dir='ltr'>Offer</span> <span class='ocrx_word' id='word_1_99' title='bbox 149 1027 225 1068; x_wconf 88' lang='lat' dir='ltr'>sacra</span> <span class='ocrx_word' id='word_1_100' title='bbox 240 1010 292 1065; x_wconf 88' lang='lat' dir='ltr'>diis</span> <span class='ocrx_word' id='word_1_101' title='bbox 305 1011 417 1067; x_wconf 87' lang='lat' dir='ltr'>incensa</span> <span class='ocrx_word' id='word_1_102' title='bbox 430 1009 595 1081; x_wconf 89' lang='lat' dir='ltr'>potentibus,</span> <span class='ocrx_word' id='word_1_103' title='bbox 611 1010 664 1065; x_wconf 90' lang='lat' dir='ltr'>hoe</span> <span class='ocrx_word' id='word_1_104' title='bbox 679 1016 720 1065; x_wconf 91' lang='lat' dir='ltr'>est</span> 
     </span>
     <span class='ocr_line' id='line_1_17' title="bbox 58 1097 754 1172; baseline -0.007 -15"><span class='ocrx_word' id='word_1_105' title='bbox 58 1100 141 1172; x_wconf 89' lang='lat' dir='ltr'>Quod</span> <span class='ocrx_word' id='word_1_106' title='bbox 152 1101 230 1172; x_wconf 83' lang='lat' dir='ltr'>jubet</span> <span class='ocrx_word' id='word_1_107' title='bbox 243 1102 391 1172; x_wconf 79' lang='lat' dir='ltr'>Augustus,</span> <span class='ocrx_word' id='word_1_108' title='bbox 408 1116 462 1172; x_wconf 92' lang='lat' dir='ltr'>quo</span> <span class='ocrx_word' id='word_1_109' title='bbox 477 1097 546 1156; x_wconf 84' lang='lat' dir='ltr'>lacto</span> <span class='ocrx_word' id='word_1_110' title='bbox 567 1098 636 1153; x_wconf 89' lang='lat' dir='ltr'>liber</span> <span class='ocrx_word' id='word_1_111' title='bbox 656 1097 754 1165; x_wconf 84' lang='lat' dir='ltr'>abibis,</span> 
     </span>
     <span class='ocr_line' id='line_1_18' title="bbox 55 1187 716 1246; baseline -0.005 -1"><span class='ocrx_word' id='word_1_112' title='bbox 55 1189 152 1246; x_wconf 85' lang='lat' dir='ltr'>Tuitus</span> <span class='ocrx_word' id='word_1_113' title='bbox 165 1188 293 1245; x_wconf 86' lang='lat' dir='ltr'>amicitie.</span> <span class='ocrx_word' id='word_1_114' title='bbox 310 1187 409 1244; x_wconf 86' lang='lat' dir='ltr'>Reddit</span> <span class='ocrx_word' id='word_1_115' title='bbox 422 1187 466 1244; x_wconf 91' lang='lat' dir='ltr'>cui</span> <span class='ocrx_word' id='word_1_116' title='bbox 480 1187 544 1243; x_wconf 90' lang='lat' dir='ltr'>talia</span> <span class='ocrx_word' id='word_1_117' title='bbox 562 1188 693 1242; x_wconf 78' lang='lat' dir='ltr'>Mammas</span> <span class='ocrx_word' id='word_1_118' title='bbox 709 1205 716 1242; x_wconf 92' lang='lat'>:</span> 
     </span>
     <span class='ocr_line' id='line_1_19' title="bbox 55 1274 737 1349; baseline -0.012 -12"><span class='ocrx_word' id='word_1_119' title='bbox 55 1280 119 1337; x_wconf 72' lang='lat' dir='ltr'>lam</span> <span class='ocrx_word' id='word_1_120' title='bbox 133 1293 211 1335; x_wconf 89' lang='lat' dir='ltr'>cessa</span> <span class='ocrx_word' id='word_1_121' title='bbox 223 1292 343 1349; x_wconf 89' lang='lat' dir='ltr'>sperare,</span> <span class='ocrx_word' id='word_1_122' title='bbox 354 1276 447 1345; x_wconf 89' lang='lat' dir='ltr'>miser,</span> <span class='ocrx_word' id='word_1_123' title='bbox 464 1292 525 1332; x_wconf 87' lang='lat' dir='ltr'>mea</span> <span class='ocrx_word' id='word_1_124' title='bbox 539 1282 601 1332; x_wconf 89' lang='lat' dir='ltr'>vota</span> <span class='ocrx_word' id='word_1_125' title='bbox 623 1274 737 1343; x_wconf 84' lang='lat' dir='ltr'>reflecti,</span> 
     </span>
     <span class='ocr_line' id='line_1_20' title="bbox 58 1363 720 1438; baseline -0.005 -15"><span class='ocrx_word' id='word_1_126' title='bbox 58 1368 94 1423; x_wconf 88' lang='lat' dir='ltr'>Et</span> <span class='ocrx_word' id='word_1_127' title='bbox 107 1381 159 1438; x_wconf 92' lang='lat' dir='ltr'>pro</span> <span class='ocrx_word' id='word_1_128' title='bbox 175 1375 200 1421; x_wconf 89' lang='lat' dir='ltr'>te</span> <span class='ocrx_word' id='word_1_129' title='bbox 214 1365 303 1437; x_wconf 89' lang='lat' dir='ltr'>potius</span> <span class='ocrx_word' id='word_1_130' title='bbox 313 1365 423 1420; x_wconf 89' lang='lat' dir='ltr'>tandem</span> <span class='ocrx_word' id='word_1_131' title='bbox 439 1363 559 1419; x_wconf 83' lang='lat' dir='ltr'>doluisse</span> <span class='ocrx_word' id='word_1_132' title='bbox 572 1373 720 1433; x_wconf 85' lang='lat' dir='ltr'>memento,</span> 
     </span>
     <span class='ocr_line' id='line_1_21' title="bbox 57 1452 719 1527; baseline -0.006 -16"><span class='ocrx_word' id='word_1_133' title='bbox 57 1458 150 1527; x_wconf 77' lang='lat' dir='ltr'>Atque</span> <span class='ocrx_word' id='word_1_134' title='bbox 164 1470 251 1511; x_wconf 90' lang='lat' dir='ltr'>annos</span> <span class='ocrx_word' id='word_1_135' title='bbox 265 1453 367 1511; x_wconf 89' lang='lat' dir='ltr'>dellere</span> <span class='ocrx_word' id='word_1_136' title='bbox 382 1463 452 1523; x_wconf 89' lang='lat' dir='ltr'>tuos,</span> <span class='ocrx_word' id='word_1_137' title='bbox 468 1469 512 1508; x_wconf 91' lang='lat' dir='ltr'>me</span> <span class='ocrx_word' id='word_1_138' title='bbox 528 1452 623 1509; x_wconf 87' lang='lat' dir='ltr'>desine</span> <span class='ocrx_word' id='word_1_139' title='bbox 643 1452 719 1519; x_wconf 89' lang='lat' dir='ltr'>llere,</span> 
     </span>
    </p>
   </div>
   <div class='ocr_carea' id='block_1_9' title="bbox 57 1549 864 1623">
    <p class='ocr_par' dir='ltr' id='par_1_12' title="bbox 57 1549 864 1623">
     <span class='ocr_line' id='line_1_22' title="bbox 57 1549 864 1623; baseline -0.005 -13"><span class='ocrx_word' id='word_1_140' title='bbox 57 1552 108 1610; x_wconf 93' lang='lat' dir='ltr'>Cui</span> <span class='ocrx_word' id='word_1_141' title='bbox 123 1551 257 1608; x_wconf 89' lang='lat' dir='ltr'>Dominus</span> <span class='ocrx_word' id='word_1_142' title='bbox 277 1559 416 1623; x_wconf 86' lang='lat' dir='ltr'>protector</span> <span class='ocrx_word' id='word_1_143' title='bbox 437 1551 524 1606; x_wconf 75' lang='lat' dir='ltr'>aelest.</span> <span class='ocrx_word' id='word_1_144' title='bbox 543 1551 612 1608; x_wconf 92' lang='lat' dir='ltr'>Volo</span> <span class='ocrx_word' id='word_1_145' title='bbox 630 1551 764 1623; x_wconf 90' lang='lat' dir='ltr'>protinus,</span> <span class='ocrx_word' id='word_1_146' title='bbox 776 1549 864 1621; x_wconf 77' lang='lat' dir='ltr'>inquit</span> 
     </span>
    </p>
   </div>
   <div class='ocr_carea' id='block_1_10' title="bbox 55 1647 828 1899">
    <p class='ocr_par' dir='ltr' id='par_1_13' title="bbox 55 1647 828 1899">
     <span class='ocr_line' id='line_1_23' title="bbox 59 1647 809 1721; baseline -0.003 -15"><span class='ocrx_word' id='word_1_147' title='bbox 59 1650 178 1718; x_wconf 81' lang='lat' dir='ltr'>Praeses,</span> <span class='ocrx_word' id='word_1_148' title='bbox 192 1656 221 1704; x_wconf 92' lang='lat' dir='ltr'>ut</span> <span class='ocrx_word' id='word_1_149' title='bbox 232 1648 290 1720; x_wconf 89' lang='lat' dir='ltr'>ipse</span> <span class='ocrx_word' id='word_1_150' title='bbox 305 1665 390 1720; x_wconf 87' lang='lat' dir='ltr'>neges</span> <span class='ocrx_word' id='word_1_151' title='bbox 404 1664 486 1721; x_wconf 92' lang='lat' dir='ltr'>quem</span> <span class='ocrx_word' id='word_1_152' title='bbox 500 1648 569 1705; x_wconf 91' lang='lat' dir='ltr'>dieis</span> <span class='ocrx_word' id='word_1_153' title='bbox 578 1649 640 1720; x_wconf 82' lang='lat' dir='ltr'>jure</span> <span class='ocrx_word' id='word_1_154' title='bbox 655 1647 809 1705; x_wconf 87' lang='lat' dir='ltr'>colendum.</span> 
     </span>
     <span class='ocr_line' id='line_1_24' title="bbox 55 1735 828 1810; baseline -0.005 -15"><span class='ocrx_word' id='word_1_155' title='bbox 55 1740 121 1795; x_wconf 88' lang='lat' dir='ltr'>Non</span> <span class='ocrx_word' id='word_1_156' title='bbox 134 1754 217 1810; x_wconf 87' lang='lat' dir='ltr'>nego,</span> <span class='ocrx_word' id='word_1_157' title='bbox 230 1747 338 1795; x_wconf 88' lang='lat' dir='ltr'>sanetus</span> <span class='ocrx_word' id='word_1_158' title='bbox 353 1738 399 1806; x_wconf 91' lang='lat' dir='ltr'>ait,</span> <span class='ocrx_word' id='word_1_159' title='bbox 416 1738 578 1806; x_wconf 91' lang='lat' dir='ltr'>Dominum;</span> <span class='ocrx_word' id='word_1_160' title='bbox 594 1744 725 1794; x_wconf 89' lang='lat' dir='ltr'>tormenta</span> <span class='ocrx_word' id='word_1_161' title='bbox 738 1735 828 1810; x_wconf 88' lang='lat' dir='ltr'>parari</span> 
     </span>
     <span class='ocr_line' id='line_1_25' title="bbox 57 1825 814 1899; baseline -0.001 -17"><span class='ocrx_word' id='word_1_162' title='bbox 57 1826 160 1883; x_wconf 88' lang='lat' dir='ltr'>Cuncta</span> <span class='ocrx_word' id='word_1_163' title='bbox 171 1826 237 1896; x_wconf 84' lang='lat' dir='ltr'>jube</span> <span class='ocrx_word' id='word_1_164' title='bbox 254 1826 397 1883; x_wconf 86' lang='lat' dir='ltr'>:tolerabo</span> <span class='ocrx_word' id='word_1_165' title='bbox 411 1825 499 1884; x_wconf 92' lang='lat' dir='ltr'>libens</span> <span class='ocrx_word' id='word_1_166' title='bbox 515 1842 566 1899; x_wconf 91' lang='lat' dir='ltr'>pro</span> <span class='ocrx_word' id='word_1_167' title='bbox 580 1826 689 1883; x_wconf 89' lang='lat' dir='ltr'>nomine</span> <span class='ocrx_word' id='word_1_168' title='bbox 704 1825 814 1882; x_wconf 85' lang='lat' dir='ltr'>Christi.</span> 
     </span>
    </p>
   </div>
   <div class='ocr_carea' id='block_1_11' title="bbox 344 1996 542 2053">
    <p class='ocr_par' dir='ltr' id='par_1_14' title="bbox 344 1996 542 2053">
     <span class='ocr_line' id='line_1_26' title="bbox 344 1996 542 2053; baseline 0 -1"><span class='ocrx_word' id='word_1_169' title='bbox 344 1996 458 2053; x_wconf 78' lang='lat' dir='ltr'>CAPUT</span> <span class='ocrx_word' id='word_1_170' title='bbox 480 1997 542 2052; x_wconf 88' lang='lat' dir='ltr'>Xll.</span> 
     </span>
    </p>
   </div>
   <div class='ocr_carea' id='block_1_12' title="bbox 57 2104 860 2800">
    <p class='ocr_par' dir='ltr' id='par_1_15' title="bbox 97 2104 828 2247">
     <span class='ocr_line' id='line_1_27' title="bbox 97 2104 828 2176; baseline 0.001 -14"><span class='ocrx_word' id='word_1_171' title='bbox 97 2107 130 2164; x_wconf 82' lang='lat' dir='ltr'>ut</span> <span class='ocrx_word' id='word_1_172' title='bbox 152 2118 305 2175; x_wconf 75' lang='lat' dir='ltr'>suspensus</span> <span class='ocrx_word' id='word_1_173' title='bbox 327 2106 443 2176; x_wconf 84' lang='lat' dir='ltr'>equuleo</span> <span class='ocrx_word' id='word_1_174' title='bbox 456 2104 572 2160; x_wconf 87' lang='lat' dir='ltr'>verbera</span> <span class='ocrx_word' id='word_1_175' title='bbox 586 2120 616 2161; x_wconf 82' lang='lat' dir='ltr'>ee</span> <span class='ocrx_word' id='word_1_176' title='bbox 631 2121 688 2161; x_wconf 86' lang='lat' dir='ltr'>aaa</span> <span class='ocrx_word' id='word_1_177' title='bbox 706 2108 828 2163; x_wconf 67' lang='lat' dir='ltr'>seruasse</span> 
     </span>
     <span class='ocr_line' id='line_1_28' title="bbox 333 2176 540 2247; baseline 0 -16"><span class='ocrx_word' id='word_1_178' title='bbox 333 2177 478 2247; x_wconf 77' lang='lat' dir='ltr'>consessus</span> <span class='ocrx_word' id='word_1_179' title='bbox 493 2176 540 2231; x_wconf 83' lang='lat' dir='ltr'>sit.</span> 
     </span>
    </p>

    <p class='ocr_par' dir='ltr' id='par_1_16' title="bbox 57 2280 860 2800">
     <span class='ocr_line' id='line_1_29' title="bbox 57 2280 721 2352; baseline 0.003 -16"><span class='ocrx_word' id='word_1_180' title='bbox 57 2280 213 2337; x_wconf 88' lang='lat' dir='ltr'>lullammat</span> <span class='ocrx_word' id='word_1_181' title='bbox 228 2281 336 2352; x_wconf 85' lang='lat' dir='ltr'>magnis</span> <span class='ocrx_word' id='word_1_182' title='bbox 350 2281 499 2337; x_wconf 90' lang='lat' dir='ltr'>vehemens</span> <span class='ocrx_word' id='word_1_183' title='bbox 514 2281 668 2338; x_wconf 86' lang='lat' dir='ltr'>fervoribus</span> <span class='ocrx_word' id='word_1_184' title='bbox 682 2283 721 2338; x_wconf 90' lang='lat' dir='ltr'>ira</span> 
     </span>
     <span class='ocr_line' id='line_1_30' title="bbox 59 2369 739 2446; baseline 0.003 -19"><span class='ocrx_word' id='word_1_185' title='bbox 59 2371 158 2427; x_wconf 90' lang='lat' dir='ltr'>Pectus</span> <span class='ocrx_word' id='word_1_186' title='bbox 173 2369 320 2425; x_wconf 74' lang='lat' dir='ltr'>Alexandri</span> <span class='ocrx_word' id='word_1_187' title='bbox 335 2370 473 2438; x_wconf 88' lang='lat' dir='ltr'>misemm,</span> <span class='ocrx_word' id='word_1_188' title='bbox 487 2371 564 2441; x_wconf 89' lang='lat' dir='ltr'>jubet</span> <span class='ocrx_word' id='word_1_189' title='bbox 577 2372 656 2426; x_wconf 89' lang='lat' dir='ltr'>altius</span> <span class='ocrx_word' id='word_1_190' title='bbox 672 2387 739 2446; x_wconf 87' lang='lat' dir='ltr'>ergo</span> 
     </span>
     <span class='ocr_line' id='line_1_31' title="bbox 58 2458 809 2532; baseline -0.001 -15"><span class='ocrx_word' id='word_1_191' title='bbox 58 2460 191 2517; x_wconf 88' lang='lat' dir='ltr'>Sanctum</span> <span class='ocrx_word' id='word_1_192' title='bbox 211 2458 350 2530; x_wconf 89' lang='lat' dir='ltr'>suspendi,</span> <span class='ocrx_word' id='word_1_193' title='bbox 377 2460 572 2532; x_wconf 84' lang='lat' dir='ltr'>tormentisque</span> <span class='ocrx_word' id='word_1_194' title='bbox 592 2460 699 2516; x_wconf 88' lang='lat' dir='ltr'>arcibus</span> <span class='ocrx_word' id='word_1_195' title='bbox 714 2477 809 2517; x_wconf 86' lang='lat' dir='ltr'>amens</span> 
     </span>
     <span class='ocr_line' id='line_1_32' title="bbox 58 2547 860 2623; baseline 0 -18"><span class='ocrx_word' id='word_1_196' title='bbox 58 2549 153 2605; x_wconf 87' lang='lat' dir='ltr'>Pulsat</span> <span class='ocrx_word' id='word_1_197' title='bbox 168 2557 313 2620; x_wconf 88' lang='lat' dir='ltr'>utrumque</span> <span class='ocrx_word' id='word_1_198' title='bbox 327 2547 415 2613; x_wconf 85' lang='lat' dir='ltr'>latus;</span> <span class='ocrx_word' id='word_1_199' title='bbox 432 2549 497 2603; x_wconf 94' lang='lat' dir='ltr'>dum</span> <span class='ocrx_word' id='word_1_200' title='bbox 508 2549 628 2620; x_wconf 87' lang='lat' dir='ltr'>carpitur</span> <span class='ocrx_word' id='word_1_201' title='bbox 638 2551 860 2623; x_wconf 83' lang='lat' dir='ltr'>unguibisuncis,</span> 
     </span>
     <span class='ocr_line' id='line_1_33' title="bbox 58 2637 789 2694; baseline 0.001 -1"><span class='ocrx_word' id='word_1_202' title='bbox 58 2637 87 2693; x_wconf 89' lang='lat' dir='ltr'>N</span> <span class='ocrx_word' id='word_1_203' title='bbox 89 2637 171 2692; x_wconf 90' lang='lat' dir='ltr'>ullam</span> <span class='ocrx_word' id='word_1_204' title='bbox 186 2638 232 2692; x_wconf 90' lang='lat' dir='ltr'>dat</span> <span class='ocrx_word' id='word_1_205' title='bbox 246 2639 378 2692; x_wconf 85' lang='lat' dir='ltr'>llammes</span> <span class='ocrx_word' id='word_1_206' title='bbox 393 2653 489 2694; x_wconf 85' lang='lat' dir='ltr'>vocem</span> <span class='ocrx_word' id='word_1_207' title='bbox 504 2638 538 2693; x_wconf 91' lang='lat' dir='ltr'>de</span> <span class='ocrx_word' id='word_1_208' title='bbox 552 2655 627 2694; x_wconf 92' lang='lat' dir='ltr'>mare</span> <span class='ocrx_word' id='word_1_209' title='bbox 641 2639 789 2694; x_wconf 87' lang='lat' dir='ltr'>dolentum.</span> 
     </span>
     <span class='ocr_line' id='line_1_34' title="bbox 59 2724 754 2800; baseline 0.004 -20"><span class='ocrx_word' id='word_1_210' title='bbox 59 2726 199 2790; x_wconf 93' lang='lat' dir='ltr'>Nondum,</span> <span class='ocrx_word' id='word_1_211' title='bbox 216 2741 318 2797; x_wconf 80' lang='lat' dir='ltr'>praeses</span> <span class='ocrx_word' id='word_1_212' title='bbox 331 2724 378 2792; x_wconf 90' lang='lat' dir='ltr'>ait,</span> <span class='ocrx_word' id='word_1_213' title='bbox 401 2725 520 2792; x_wconf 88' lang='lat' dir='ltr'>sensisti,</span> <span class='ocrx_word' id='word_1_214' title='bbox 537 2741 618 2783; x_wconf 88' lang='lat' dir='ltr'>saxee</span> <span class='ocrx_word' id='word_1_215' title='bbox 637 2727 754 2800; x_wconf 75' lang='lat' dir='ltr'>plagas?</span> 
     </span>
    </p>
   </div>
   <div class='ocr_carea' id='block_1_13' title="bbox 58 2814 759 2956">
    <p class='ocr_par' dir='ltr' id='par_1_17' title="bbox 58 2814 759 2956">
     <span class='ocr_line' id='line_1_35' title="bbox 58 2814 759 2886; baseline 0.001 -16"><span class='ocrx_word' id='word_1_216' title='bbox 58 2815 142 2882; x_wconf 89' lang='lat' dir='ltr'>Dure,</span> <span class='ocrx_word' id='word_1_217' title='bbox 159 2829 210 2870; x_wconf 91' lang='lat' dir='ltr'>nec</span> <span class='ocrx_word' id='word_1_218' title='bbox 225 2814 356 2870; x_wconf 91' lang='lat' dir='ltr'>humanus</span> <span class='ocrx_word' id='word_1_219' title='bbox 363 2815 476 2885; x_wconf 86' lang='lat' dir='ltr'>juvenili</span> <span class='ocrx_word' id='word_1_220' title='bbox 491 2814 519 2869; x_wconf 93' lang='lat' dir='ltr'>in</span> <span class='ocrx_word' id='word_1_221' title='bbox 533 2831 648 2886; x_wconf 89' lang='lat' dir='ltr'>corpore</span> <span class='ocrx_word' id='word_1_222' title='bbox 662 2832 759 2871; x_wconf 89' lang='lat' dir='ltr'>sensus</span> 
     </span>
     <span class='ocr_line' id='line_1_36' title="bbox 58 2897 754 2956; baseline 0.001 -2"><span class='ocrx_word' id='word_1_223' title='bbox 58 2899 146 2954; x_wconf 86' lang='lat' dir='ltr'>Error</span> <span class='ocrx_word' id='word_1_224' title='bbox 160 2898 262 2953; x_wconf 87' lang='lat' dir='ltr'>habere</span> <span class='ocrx_word' id='word_1_225' title='bbox 281 2897 353 2952; x_wconf 87' lang='lat' dir='ltr'>sinit.</span> <span class='ocrx_word' id='word_1_226' title='bbox 378 2899 510 2953; x_wconf 87' lang='lat' dir='ltr'>blammes</span> <span class='ocrx_word' id='word_1_227' title='bbox 524 2899 662 2954; x_wconf 81' lang='lat' dir='ltr'>adsidere</span> <span class='ocrx_word' id='word_1_228' title='bbox 676 2899 754 2956; x_wconf 81' lang='lat' dir='ltr'>laetus</span> 
     </span>
    </p>
   </div>
   <div class='ocr_carea' id='block_1_14' title="bbox 11 2985 829 4216">
    <p class='ocr_par' dir='ltr' id='par_1_18' title="bbox 59 2985 770 3148">
     <span class='ocr_line' id='line_1_37' title="bbox 59 2985 770 3060; baseline 0.007 -21"><span class='ocrx_word' id='word_1_229' title='bbox 59 2985 188 3040; x_wconf 90' lang='lat' dir='ltr'>Intuitum</span> <span class='ocrx_word' id='word_1_230' title='bbox 202 2994 310 3043; x_wconf 88' lang='lat' dir='ltr'>vertens</span> <span class='ocrx_word' id='word_1_231' title='bbox 325 3003 331 3041; x_wconf 92' lang='lat'>:</span> <span class='ocrx_word' id='word_1_232' title='bbox 348 2985 445 3042; x_wconf 87' lang='lat' dir='ltr'>Grates</span> <span class='ocrx_word' id='word_1_233' title='bbox 467 2987 657 3058; x_wconf 83' lang='lat' dir='ltr'>persolvimus,</span> <span class='ocrx_word' id='word_1_234' title='bbox 673 2987 770 3060; x_wconf 91' lang='lat' dir='ltr'>inquit,</span> 
     </span>
     <span class='ocr_line' id='line_1_38' title="bbox 59 3074 756 3148; baseline 0.007 -19"><span class='ocrx_word' id='word_1_235' title='bbox 59 3075 207 3129; x_wconf 87' lang='lat' dir='ltr'>Terrarum</span> <span class='ocrx_word' id='word_1_236' title='bbox 222 3074 338 3147; x_wconf 73' lang='lat' dir='ltr'>emtique</span> <span class='ocrx_word' id='word_1_237' title='bbox 353 3076 421 3141; x_wconf 93' lang='lat' dir='ltr'>Deo,</span> <span class='ocrx_word' id='word_1_238' title='bbox 437 3076 570 3147; x_wconf 90' lang='lat' dir='ltr'>quianon</span> <span class='ocrx_word' id='word_1_239' title='bbox 594 3075 682 3147; x_wconf 89' lang='lat' dir='ltr'>magis</span> <span class='ocrx_word' id='word_1_240' title='bbox 696 3077 756 3148; x_wconf 87' lang='lat' dir='ltr'>ipse</span> 
     </span>
    </p>

    <p class='ocr_par' dir='ltr' id='par_1_19' title="bbox 11 3163 719 3324">
     <span class='ocr_line' id='line_1_39' title="bbox 11 3163 718 3231; baseline 0.013 -19"><span class='ocrx_word' id='word_1_241' title='bbox 11 3208 14 3212; x_wconf 90' lang='lat'>.</span> <span class='ocrx_word' id='word_1_242' title='bbox 60 3163 136 3218; x_wconf 90' lang='lat' dir='ltr'>Intus</span> <span class='ocrx_word' id='word_1_243' title='bbox 146 3164 237 3219; x_wconf 87' lang='lat' dir='ltr'>adhue</span> <span class='ocrx_word' id='word_1_244' title='bbox 252 3163 335 3231; x_wconf 89' lang='lat' dir='ltr'>sensi,</span> <span class='ocrx_word' id='word_1_245' title='bbox 351 3164 450 3219; x_wconf 86' lang='lat' dir='ltr'>mentis</span> <span class='ocrx_word' id='word_1_246' title='bbox 465 3179 580 3220; x_wconf 87' lang='lat' dir='ltr'>seourus</span> <span class='ocrx_word' id='word_1_247' title='bbox 592 3163 620 3219; x_wconf 89' lang='lat' dir='ltr'>iu</span> <span class='ocrx_word' id='word_1_248' title='bbox 643 3179 718 3231; x_wconf 89' lang='lat' dir='ltr'>aree,</span> 
     </span>
     <span class='ocr_line' id='line_1_40' title="bbox 60 3251 719 3324; baseline 0.002 -17"><span class='ocrx_word' id='word_1_249' title='bbox 60 3251 191 3307; x_wconf 87' lang='lat' dir='ltr'>Crudeles</span> <span class='ocrx_word' id='word_1_250' title='bbox 207 3268 287 3324; x_wconf 90' lang='lat' dir='ltr'>quam</span> <span class='ocrx_word' id='word_1_251' title='bbox 303 3259 328 3308; x_wconf 93' lang='lat' dir='ltr'>te</span> <span class='ocrx_word' id='word_1_252' title='bbox 342 3268 431 3323; x_wconf 83' lang='lat' dir='ltr'>pmnae</span> <span class='ocrx_word' id='word_1_253' title='bbox 441 3252 554 3323; x_wconf 86' lang='lat' dir='ltr'>tetigere</span> <span class='ocrx_word' id='word_1_254' title='bbox 569 3253 719 3309; x_wconf 90' lang='lat' dir='ltr'>sedentem.</span> 
     </span>
    </p>

    <p class='ocr_par' dir='ltr' id='par_1_20' title="bbox 61 3339 688 3413">
     <span class='ocr_line' id='line_1_41' title="bbox 61 3339 688 3413; baseline 0.002 -17"><span class='ocrx_word' id='word_1_255' title='bbox 61 3339 85 3396; x_wconf 92' lang='lat'>0</span> <span class='ocrx_word' id='word_1_256' title='bbox 100 3340 145 3412; x_wconf 86' lang='lat' dir='ltr'>pia</span> <span class='ocrx_word' id='word_1_257' title='bbox 160 3347 317 3396; x_wconf 87' lang='lat' dir='ltr'>sanctorum</span> <span class='ocrx_word' id='word_1_258' title='bbox 335 3340 410 3396; x_wconf 91' lang='lat' dir='ltr'>miris</span> <span class='ocrx_word' id='word_1_259' title='bbox 422 3341 552 3413; x_wconf 87' lang='lat' dir='ltr'>patientia</span> <span class='ocrx_word' id='word_1_260' title='bbox 574 3342 688 3399; x_wconf 86' lang='lat' dir='ltr'>vincens</span> 
     </span>
    </p>

    <p class='ocr_par' dir='ltr' id='par_1_21' title="bbox 61 3428 792 3680">
     <span class='ocr_line' id='line_1_42' title="bbox 61 3428 792 3502; baseline 0.005 -18"><span class='ocrx_word' id='word_1_261' title='bbox 61 3431 168 3501; x_wconf 78' lang='lat' dir='ltr'>Aspera</span> <span class='ocrx_word' id='word_1_262' title='bbox 181 3437 279 3485; x_wconf 86' lang='lat' dir='ltr'>cuneta</span> <span class='ocrx_word' id='word_1_263' title='bbox 299 3428 404 3485; x_wconf 87' lang='lat' dir='ltr'>modist</span> <span class='ocrx_word' id='word_1_264' title='bbox 419 3430 539 3486; x_wconf 71' lang='lat' dir='ltr'>coelestia</span> <span class='ocrx_word' id='word_1_265' title='bbox 553 3438 643 3486; x_wconf 90' lang='lat' dir='ltr'>mente</span> <span class='ocrx_word' id='word_1_266' title='bbox 657 3439 792 3502; x_wconf 89' lang='lat' dir='ltr'>petentes,</span> 
     </span>
     <span class='ocr_line' id='line_1_43' title="bbox 61 3517 774 3589; baseline 0.006 -16"><span class='ocrx_word' id='word_1_267' title='bbox 61 3517 244 3573; x_wconf 87' lang='lat' dir='ltr'>Contemnunt</span> <span class='ocrx_word' id='word_1_268' title='bbox 258 3532 369 3574; x_wconf 90' lang='lat' dir='ltr'>carnem</span> <span class='ocrx_word' id='word_1_269' title='bbox 383 3519 500 3575; x_wconf 90' lang='lat' dir='ltr'>memori</span> <span class='ocrx_word' id='word_1_270' title='bbox 509 3519 553 3575; x_wconf 91' lang='lat' dir='ltr'>vel</span> <span class='ocrx_word' id='word_1_271' title='bbox 567 3535 680 3576; x_wconf 85' lang='lat' dir='ltr'>cernere</span> <span class='ocrx_word' id='word_1_272' title='bbox 693 3519 753 3577; x_wconf 93' lang='lat' dir='ltr'>visu</span> <span class='ocrx_word' id='word_1_273' title='bbox 766 3541 774 3589; x_wconf 89' lang='lat'>;</span> 
     </span>
     <span class='ocr_line' id='line_1_44' title="bbox 61 3605 686 3680; baseline 0.003 -19"><span class='ocrx_word' id='word_1_274' title='bbox 61 3605 107 3662; x_wconf 89' lang='lat' dir='ltr'>Sic</span> <span class='ocrx_word' id='word_1_275' title='bbox 122 3607 240 3677; x_wconf 92' lang='lat' dir='ltr'>perdunt</span> <span class='ocrx_word' id='word_1_276' title='bbox 251 3605 342 3673; x_wconf 89' lang='lat' dir='ltr'>vitam,</span> <span class='ocrx_word' id='word_1_277' title='bbox 359 3607 412 3664; x_wconf 89' lang='lat' dir='ltr'>vita</span> <span class='ocrx_word' id='word_1_278' title='bbox 429 3608 488 3664; x_wconf 90' lang='lat' dir='ltr'>sine</span> <span class='ocrx_word' id='word_1_279' title='bbox 502 3607 556 3665; x_wconf 84' lang='lat' dir='ltr'>sine</span> <span class='ocrx_word' id='word_1_280' title='bbox 571 3615 686 3680; x_wconf 87' lang='lat' dir='ltr'>reperta.</span> 
     </span>
    </p>

    <p class='ocr_par' dir='ltr' id='par_1_22' title="bbox 61 3694 829 4216">
     <span class='ocr_line' id='line_1_45' title="bbox 62 3694 760 3769; baseline 0.006 -19"><span class='ocrx_word' id='word_1_281' title='bbox 62 3694 112 3750; x_wconf 87' lang='lat' dir='ltr'>Est</span> <span class='ocrx_word' id='word_1_282' title='bbox 123 3694 182 3751; x_wconf 90' lang='lat' dir='ltr'>leve</span> <span class='ocrx_word' id='word_1_283' title='bbox 197 3703 390 3768; x_wconf 88' lang='lat' dir='ltr'>momentoque</span> <span class='ocrx_word' id='word_1_284' title='bbox 404 3697 500 3753; x_wconf 88' lang='lat' dir='ltr'>volans</span> <span class='ocrx_word' id='word_1_285' title='bbox 516 3696 667 3769; x_wconf 83' lang='lat' dir='ltr'>sugitocius</span> <span class='ocrx_word' id='word_1_286' title='bbox 679 3713 760 3755; x_wconf 88' lang='lat' dir='ltr'>omne</span> 
     </span>
     <span class='ocr_line' id='line_1_46' title="bbox 63 3782 829 3856; baseline 0.012 -19"><span class='ocrx_word' id='word_1_287' title='bbox 63 3782 144 3852; x_wconf 90' lang='lat' dir='ltr'>Quod</span> <span class='ocrx_word' id='word_1_288' title='bbox 154 3783 282 3853; x_wconf 88' lang='lat' dir='ltr'>tolerant,</span> <span class='ocrx_word' id='word_1_289' title='bbox 299 3785 372 3841; x_wconf 89' lang='lat' dir='ltr'>acuit</span> <span class='ocrx_word' id='word_1_290' title='bbox 384 3801 448 3856; x_wconf 92' lang='lat' dir='ltr'>spes</span> <span class='ocrx_word' id='word_1_291' title='bbox 463 3786 596 3856; x_wconf 91' lang='lat' dir='ltr'>muneris,</span> <span class='ocrx_word' id='word_1_292' title='bbox 611 3786 694 3843; x_wconf 90' lang='lat' dir='ltr'>ardor</span> <span class='ocrx_word' id='word_1_293' title='bbox 720 3788 829 3855; x_wconf 87' lang='lat' dir='ltr'>amoris,</span> 
     </span>
     <span class='ocr_line' id='line_1_47' title="bbox 69 3870 712 3948; baseline 0.006 -21"><span class='ocrx_word' id='word_1_294' title='bbox 69 3872 290 3945; x_wconf 88' lang='lat' dir='ltr'>Immensumque</span> <span class='ocrx_word' id='word_1_295' title='bbox 305 3870 361 3927; x_wconf 92' lang='lat' dir='ltr'>suis</span> <span class='ocrx_word' id='word_1_296' title='bbox 375 3873 495 3930; x_wconf 84' lang='lat' dir='ltr'>eoelestis</span> <span class='ocrx_word' id='word_1_297' title='bbox 505 3873 592 3948; x_wconf 87' lang='lat' dir='ltr'>gloria</span> <span class='ocrx_word' id='word_1_298' title='bbox 604 3876 712 3946; x_wconf 91' lang='lat' dir='ltr'>pondus</span> 
     </span>
     <span class='ocr_line' id='line_1_48' title="bbox 61 3960 820 4038; baseline 0.009 -23"><span class='ocrx_word' id='word_1_299' title='bbox 61 3960 196 4016; x_wconf 87' lang='lat' dir='ltr'>lleroedis</span> <span class='ocrx_word' id='word_1_300' title='bbox 211 3960 310 4018; x_wconf 89' lang='lat' dir='ltr'>tribuit.</span> <span class='ocrx_word' id='word_1_301' title='bbox 327 3960 400 4031; x_wconf 86' lang='lat' dir='ltr'>Quid</span> <span class='ocrx_word' id='word_1_302' title='bbox 419 3977 535 4035; x_wconf 87' lang='lat' dir='ltr'>pronum</span> <span class='ocrx_word' id='word_1_303' title='bbox 548 3963 576 4018; x_wconf 92' lang='lat' dir='ltr'>in</span> <span class='ocrx_word' id='word_1_304' title='bbox 586 3964 679 4035; x_wconf 85' lang='lat' dir='ltr'>praelia</span> <span class='ocrx_word' id='word_1_305' title='bbox 689 3981 797 4038; x_wconf 87' lang='lat' dir='ltr'>semper</span> <span class='ocrx_word' id='word_1_306' title='bbox 815 4028 820 4036; x_wconf 55' lang='grc'>,</span> 
     </span>
     <span class='ocr_line' id='line_1_49' title="bbox 62 4049 758 4124; baseline 0.007 -20"><span class='ocrx_word' id='word_1_307' title='bbox 62 4049 192 4104; x_wconf 90' lang='lat' dir='ltr'>Tironem</span> <span class='ocrx_word' id='word_1_308' title='bbox 206 4049 340 4104; x_wconf 80' lang='lat' dir='ltr'>minaris?</span> <span class='ocrx_word' id='word_1_309' title='bbox 354 4050 441 4107; x_wconf 86' lang='lat' dir='ltr'>Habet</span> <span class='ocrx_word' id='word_1_310' title='bbox 460 4068 508 4107; x_wconf 89' lang='lat' dir='ltr'>sua</span> <span class='ocrx_word' id='word_1_311' title='bbox 522 4053 633 4124; x_wconf 85' lang='lat' dir='ltr'>praemia</span> <span class='ocrx_word' id='word_1_312' title='bbox 648 4054 735 4111; x_wconf 90' lang='lat' dir='ltr'>victor</span> <span class='ocrx_word' id='word_1_313' title='bbox 752 4073 758 4109; x_wconf 95' lang='lat'><strong>:</strong></span> 
     </span>
     <span class='ocr_line' id='line_1_50' title="bbox 61 4138 779 4216; baseline 0.008 -23"><span class='ocrx_word' id='word_1_314' title='bbox 61 4138 116 4194; x_wconf 91' lang='lat' dir='ltr'>Pro</span> <span class='ocrx_word' id='word_1_315' title='bbox 129 4153 216 4211; x_wconf 87' lang='lat' dir='ltr'>regno</span> <span class='ocrx_word' id='word_1_316' title='bbox 229 4147 342 4210; x_wconf 83' lang='lat' dir='ltr'>pugnat,</span> <span class='ocrx_word' id='word_1_317' title='bbox 359 4155 478 4213; x_wconf 85' lang='lat' dir='ltr'>regnans</span> <span class='ocrx_word' id='word_1_318' title='bbox 493 4151 555 4213; x_wconf 88' lang='lat' dir='ltr'>post</span> <span class='ocrx_word' id='word_1_319' title='bbox 567 4142 639 4199; x_wconf 89' lang='lat' dir='ltr'>bella</span> <span class='ocrx_word' id='word_1_320' title='bbox 655 4143 779 4216; x_wconf 89' lang='lat' dir='ltr'>quiescit.</span> 
     </span>
    </p>
   </div>
   <div class='ocr_carea' id='block_1_15' title="bbox 391 4315 600 4375">
    <p class='ocr_par' dir='ltr' id='par_1_23' title="bbox 391 4315 600 4375">
     <span class='ocr_line' id='line_1_51' title="bbox 391 4315 600 4375; baseline 0.014 -5"><span class='ocrx_word' id='word_1_321' title='bbox 391 4315 505 4375; x_wconf 76' lang='lat' dir='ltr'>CAPUT</span> <span class='ocrx_word' id='word_1_322' title='bbox 527 4319 600 4375; x_wconf 90' lang='lat' dir='ltr'>Xlll.</span> 
     </span>
    </p>
   </div>
   <div class='ocr_carea' id='block_1_16' title="bbox 912 997 1658 1073">
    <p class='ocr_par' dir='ltr' id='par_1_24' title="bbox 912 997 1658 1073">
     <span class='ocr_line' id='line_1_52' title="bbox 912 997 1658 1073; baseline -0.008 -16"><span class='ocrx_word' id='word_1_323' title='bbox 912 1002 1075 1073; x_wconf 87' lang='lat' dir='ltr'>Peroepere,</span> <span class='ocrx_word' id='word_1_324' title='bbox 1090 1009 1179 1057; x_wconf 89' lang='lat' dir='ltr'>metus</span> <span class='ocrx_word' id='word_1_325' title='bbox 1193 999 1293 1072; x_wconf 90' lang='lat' dir='ltr'>pariter</span> <span class='ocrx_word' id='word_1_326' title='bbox 1314 1013 1472 1072; x_wconf 87' lang='lat' dir='ltr'>moerorque</span> <span class='ocrx_word' id='word_1_327' title='bbox 1486 997 1658 1069; x_wconf 86' lang='lat' dir='ltr'>premebant.</span> 
     </span>
    </p>
   </div>
   <div class='ocr_carea' id='block_1_17' title="bbox 1195 1132 1412 1190">
    <p class='ocr_par' dir='ltr' id='par_1_25' title="bbox 1195 1132 1412 1190">
     <span class='ocr_line' id='line_1_53' title="bbox 1195 1132 1412 1190; baseline -0.005 -1"><span class='ocrx_word' id='word_1_328' title='bbox 1195 1132 1309 1190; x_wconf 77' lang='lat' dir='ltr'>CAPUT</span> <span class='ocrx_word' id='word_1_329' title='bbox 1338 1132 1412 1189; x_wconf 84' lang='lat' dir='ltr'>xlv.</span> 
     </span>
    </p>
   </div>
   <div class='ocr_carea' id='block_1_18' title="bbox 951 1237 1678 1384">
    <p class='ocr_par' dir='ltr' id='par_1_26' title="bbox 951 1237 1678 1384">
     <span class='ocr_line' id='line_1_54' title="bbox 951 1237 1678 1314; baseline -0.006 -16"><span class='ocrx_word' id='word_1_330' title='bbox 951 1240 1088 1310; x_wconf 81' lang='lat' dir='ltr'>Quomodo</span> <span class='ocrx_word' id='word_1_331' title='bbox 1099 1243 1361 1314; x_wconf 74' lang='lat' dir='ltr'>preaeseamr&#39;oum</span> <span class='ocrx_word' id='word_1_332' title='bbox 1383 1239 1491 1295; x_wconf 82' lang='lat' dir='ltr'>instrui</span> <span class='ocrx_word' id='word_1_333' title='bbox 1500 1237 1678 1311; x_wconf 74' lang='lat' dir='ltr'>preceperit,</span> 
     </span>
     <span class='ocr_line' id='line_1_55' title="bbox 1055 1309 1571 1384; baseline -0.006 -16"><span class='ocrx_word' id='word_1_334' title='bbox 1055 1316 1242 1384; x_wconf 71' lang='lat' dir='ltr'>sauciumque</span> <span class='ocrx_word' id='word_1_335' title='bbox 1260 1326 1373 1368; x_wconf 85' lang='lat' dir='ltr'>earcere</span> <span class='ocrx_word' id='word_1_336' title='bbox 1388 1309 1571 1382; x_wconf 71' lang='lat' dir='ltr'>manciparit.</span> 
     </span>
    </p>
   </div>
   <div class='ocr_carea' id='block_1_19' title="bbox 913 1410 1681 1684">
    <p class='ocr_par' dir='ltr' id='par_1_27' title="bbox 913 1410 1681 1684">
     <span class='ocr_line' id='line_1_56' title="bbox 913 1410 1610 1509; baseline -0.007 -17"><span class='ocrx_word' id='word_1_337' title='bbox 913 1437 1060 1509; x_wconf 88' lang='lat' dir='ltr'>Postquam</span> <span class='ocrx_word' id='word_1_338' title='bbox 1074 1436 1119 1491; x_wconf 90' lang='lat' dir='ltr'>illa</span> <span class='ocrx_word' id='word_1_339' title='bbox 1130 1434 1215 1506; x_wconf 87' lang='lat' dir='ltr'>judex</span> <span class='ocrx_word' id='word_1_340' title='bbox 1236 1434 1384 1490; x_wconf 89' lang='lat' dir='ltr'>animatum</span> <span class='ocrx_word' id='word_1_341' title='bbox 1398 1410 1465 1490; x_wconf 84' lang='lat' dir='ltr'>voce</span> <span class='ocrx_word' id='word_1_342' title='bbox 1488 1431 1610 1489; x_wconf 79' lang='lat' dir='ltr'>furentes</span> 
     </span>
     <span class='ocr_line' id='line_1_57' title="bbox 914 1521 1681 1594; baseline -0.008 -13"><span class='ocrx_word' id='word_1_343' title='bbox 914 1524 1077 1581; x_wconf 85' lang='lat' dir='ltr'>Carnifieum</span> <span class='ocrx_word' id='word_1_344' title='bbox 1092 1524 1210 1580; x_wconf 87' lang='lat' dir='ltr'>tolerare</span> <span class='ocrx_word' id='word_1_345' title='bbox 1228 1539 1325 1579; x_wconf 89' lang='lat' dir='ltr'>manus</span> <span class='ocrx_word' id='word_1_346' title='bbox 1340 1530 1367 1578; x_wconf 89' lang='lat' dir='ltr'>et</span> <span class='ocrx_word' id='word_1_347' title='bbox 1382 1537 1514 1594; x_wconf 89' lang='lat' dir='ltr'>spernere</span> <span class='ocrx_word' id='word_1_348' title='bbox 1537 1521 1681 1577; x_wconf 87' lang='lat' dir='ltr'>llammem</span> 
     </span>
     <span class='ocr_line' id='line_1_58' title="bbox 914 1609 1540 1684; baseline -0.006 -16"><span class='ocrx_word' id='word_1_349' title='bbox 914 1612 997 1679; x_wconf 84' lang='lat' dir='ltr'>Vidit,</span> <span class='ocrx_word' id='word_1_350' title='bbox 1013 1613 1048 1669; x_wconf 88' lang='lat' dir='ltr'>ab</span> <span class='ocrx_word' id='word_1_351' title='bbox 1063 1613 1181 1684; x_wconf 85' lang='lat' dir='ltr'>incoepto</span> <span class='ocrx_word' id='word_1_352' title='bbox 1205 1619 1333 1678; x_wconf 89' lang='lat' dir='ltr'>mutatus,</span> <span class='ocrx_word' id='word_1_353' title='bbox 1341 1611 1422 1681; x_wconf 89' lang='lat' dir='ltr'>jussit</span> <span class='ocrx_word' id='word_1_354' title='bbox 1436 1610 1469 1665; x_wconf 90' lang='lat' dir='ltr'>ab</span> <span class='ocrx_word' id='word_1_355' title='bbox 1484 1609 1540 1665; x_wconf 87' lang='lat' dir='ltr'>alto</span> 
     </span>
    </p>
   </div>
   <div class='ocr_carea' id='block_1_20' title="bbox 878 1699 1501 1798">
    <p class='ocr_par' dir='ltr' id='par_1_28' title="bbox 878 1699 1501 1798">
     <span class='ocr_line' id='line_1_59' title="bbox 878 1699 1501 1798; baseline -0.008 -40"><span class='ocrx_word' id='word_1_356' title='bbox 878 1738 905 1798; x_wconf 78' lang='lat' dir='ltr'><strong>B</strong></span> <span class='ocrx_word' id='word_1_357' title='bbox 917 1701 1022 1773; x_wconf 91' lang='lat' dir='ltr'>Deponi</span> <span class='ocrx_word' id='word_1_358' title='bbox 1037 1708 1148 1773; x_wconf 88' lang='lat' dir='ltr'>totaque</span> <span class='ocrx_word' id='word_1_359' title='bbox 1162 1701 1230 1757; x_wconf 91' lang='lat' dir='ltr'>strui</span> <span class='ocrx_word' id='word_1_360' title='bbox 1245 1700 1344 1757; x_wconf 90' lang='lat' dir='ltr'>virtute</span> <span class='ocrx_word' id='word_1_361' title='bbox 1355 1699 1501 1765; x_wconf 90' lang='lat' dir='ltr'>caminum,</span> 
     </span>
    </p>
   </div>
   <div class='ocr_carea' id='block_1_21' title="bbox 916 1787 1680 1864">
    <p class='ocr_par' dir='ltr' id='par_1_29' title="bbox 916 1787 1680 1864">
     <span class='ocr_line' id='line_1_60' title="bbox 916 1787 1680 1864; baseline -0.009 -17"><span class='ocrx_word' id='word_1_362' title='bbox 916 1792 951 1847; x_wconf 88' lang='lat' dir='ltr'>Ut</span> <span class='ocrx_word' id='word_1_363' title='bbox 964 1805 1047 1864; x_wconf 91' lang='lat' dir='ltr'>quern</span> <span class='ocrx_word' id='word_1_364' title='bbox 1062 1805 1117 1845; x_wconf 91' lang='lat' dir='ltr'>non</span> <span class='ocrx_word' id='word_1_365' title='bbox 1131 1789 1205 1846; x_wconf 85' lang='lat' dir='ltr'>llexit</span> <span class='ocrx_word' id='word_1_366' title='bbox 1220 1788 1294 1845; x_wconf 85' lang='lat' dir='ltr'>ierus</span> <span class='ocrx_word' id='word_1_367' title='bbox 1308 1788 1456 1861; x_wconf 91' lang='lat' dir='ltr'>unguibus,</span> <span class='ocrx_word' id='word_1_368' title='bbox 1469 1787 1533 1861; x_wconf 87' lang='lat' dir='ltr'>igne</span> <span class='ocrx_word' id='word_1_369' title='bbox 1547 1792 1657 1860; x_wconf 89' lang='lat' dir='ltr'>perurat</span> <span class='ocrx_word' id='word_1_370' title='bbox 1674 1802 1680 1841; x_wconf 93' lang='lat'>:</span> 
     </span>
    </p>
   </div>
   <div class='ocr_carea' id='block_1_22' title="bbox 914 1883 1734 2487">
    <p class='ocr_par' dir='ltr' id='par_1_30' title="bbox 914 1883 1718 2048">
     <span class='ocr_line' id='line_1_61' title="bbox 914 1883 1718 1960; baseline -0.007 -14"><span class='ocrx_word' id='word_1_371' title='bbox 914 1890 1044 1953; x_wconf 88' lang='lat' dir='ltr'>Demens,</span> <span class='ocrx_word' id='word_1_372' title='bbox 1061 1886 1108 1958; x_wconf 92' lang='lat' dir='ltr'>qui</span> <span class='ocrx_word' id='word_1_373' title='bbox 1128 1902 1259 1960; x_wconf 81' lang='lat' dir='ltr'>magnam</span> <span class='ocrx_word' id='word_1_374' title='bbox 1283 1901 1399 1958; x_wconf 87' lang='lat' dir='ltr'>regnare</span> <span class='ocrx_word' id='word_1_375' title='bbox 1413 1883 1442 1941; x_wconf 93' lang='lat' dir='ltr'>in</span> <span class='ocrx_word' id='word_1_376' title='bbox 1456 1892 1566 1956; x_wconf 82' lang='lat' dir='ltr'>pectore</span> <span class='ocrx_word' id='word_1_377' title='bbox 1580 1883 1718 1941; x_wconf 81' lang='lat' dir='ltr'>flammam</span> 
     </span>
     <span class='ocr_line' id='line_1_62' title="bbox 916 1972 1611 2048; baseline -0.009 -14"><span class='ocrx_word' id='word_1_378' title='bbox 916 1976 1079 2034; x_wconf 89' lang='lat' dir='ltr'>Sanctorum</span> <span class='ocrx_word' id='word_1_379' title='bbox 1094 1975 1236 2048; x_wconf 87' lang='lat' dir='ltr'>ignorans,</span> <span class='ocrx_word' id='word_1_380' title='bbox 1251 1974 1331 2047; x_wconf 84' lang='lat' dir='ltr'>ignes</span> <span class='ocrx_word' id='word_1_381' title='bbox 1346 1973 1478 2029; x_wconf 88' lang='lat' dir='ltr'>adhibere</span> <span class='ocrx_word' id='word_1_382' title='bbox 1492 1972 1611 2029; x_wconf 88' lang='lat' dir='ltr'>caducos</span> 
     </span>
    </p>

    <p class='ocr_par' dir='ltr' id='par_1_31' title="bbox 915 2060 1611 2135">
     <span class='ocr_line' id='line_1_63' title="bbox 915 2060 1611 2135; baseline -0.007 -14"><span class='ocrx_word' id='word_1_383' title='bbox 915 2064 977 2121; x_wconf 84' lang='lat' dir='ltr'>Non</span> <span class='ocrx_word' id='word_1_384' title='bbox 991 2063 1088 2131; x_wconf 90' lang='lat' dir='ltr'>timuit,</span> <span class='ocrx_word' id='word_1_385' title='bbox 1105 2078 1166 2119; x_wconf 92' lang='lat' dir='ltr'>cum</span> <span class='ocrx_word' id='word_1_386' title='bbox 1181 2061 1316 2135; x_wconf 78' lang='lat' dir='ltr'>restingui</span> <span class='ocrx_word' id='word_1_387' title='bbox 1331 2077 1386 2118; x_wconf 91' lang='lat' dir='ltr'>non</span> <span class='ocrx_word' id='word_1_388' title='bbox 1401 2060 1473 2134; x_wconf 88' lang='lat' dir='ltr'>ignis</span> <span class='ocrx_word' id='word_1_389' title='bbox 1487 2061 1523 2118; x_wconf 87' lang='lat' dir='ltr'>ab</span> <span class='ocrx_word' id='word_1_390' title='bbox 1537 2061 1611 2132; x_wconf 83' lang='lat' dir='ltr'>igne,</span> 
     </span>
    </p>

    <p class='ocr_par' dir='ltr' id='par_1_32' title="bbox 915 2148 1612 2310">
     <span class='ocr_line' id='line_1_64' title="bbox 917 2148 1612 2225; baseline -0.01 -14"><span class='ocrx_word' id='word_1_391' title='bbox 917 2152 972 2211; x_wconf 91' lang='lat' dir='ltr'>Sed</span> <span class='ocrx_word' id='word_1_392' title='bbox 986 2151 1074 2225; x_wconf 88' lang='lat' dir='ltr'>magis</span> <span class='ocrx_word' id='word_1_393' title='bbox 1095 2151 1191 2224; x_wconf 85' lang='lat' dir='ltr'>augeri</span> <span class='ocrx_word' id='word_1_394' title='bbox 1206 2150 1310 2217; x_wconf 82' lang='lat' dir='ltr'>soleat3</span> <span class='ocrx_word' id='word_1_395' title='bbox 1325 2166 1378 2206; x_wconf 91' lang='lat' dir='ltr'>nee</span> <span class='ocrx_word' id='word_1_396' title='bbox 1400 2148 1517 2206; x_wconf 88' lang='lat' dir='ltr'>fortibus</span> <span class='ocrx_word' id='word_1_397' title='bbox 1531 2148 1612 2205; x_wconf 90' lang='lat' dir='ltr'>undis</span> 
     </span>
     <span class='ocr_line' id='line_1_65' title="bbox 915 2237 1576 2310; baseline -0.008 -14"><span class='ocrx_word' id='word_1_398' title='bbox 915 2241 1077 2298; x_wconf 89' lang='lat' dir='ltr'>Sanctorum</span> <span class='ocrx_word' id='word_1_399' title='bbox 1092 2239 1216 2294; x_wconf 87' lang='lat' dir='ltr'>flammas</span> <span class='ocrx_word' id='word_1_400' title='bbox 1238 2237 1360 2310; x_wconf 87' lang='lat' dir='ltr'>superari</span> <span class='ocrx_word' id='word_1_401' title='bbox 1375 2252 1457 2309; x_wconf 88' lang='lat' dir='ltr'>posse</span> <span class='ocrx_word' id='word_1_402' title='bbox 1472 2237 1576 2304; x_wconf 89' lang='lat' dir='ltr'>beatas,</span> 
     </span>
    </p>

    <p class='ocr_par' dir='ltr' id='par_1_33' title="bbox 914 2323 1734 2487">
     <span class='ocr_line' id='line_1_66' title="bbox 914 2323 1646 2398; baseline -0.007 -13"><span class='ocrx_word' id='word_1_403' title='bbox 914 2327 1003 2385; x_wconf 89' lang='lat' dir='ltr'>Testis</span> <span class='ocrx_word' id='word_1_404' title='bbox 1017 2328 1096 2383; x_wconf 87' lang='lat' dir='ltr'>adest</span> <span class='ocrx_word' id='word_1_405' title='bbox 1110 2327 1260 2398; x_wconf 86' lang='lat' dir='ltr'>Scriptura,</span> <span class='ocrx_word' id='word_1_406' title='bbox 1284 2341 1363 2382; x_wconf 89' lang='lat' dir='ltr'>sacro</span> <span class='ocrx_word' id='word_1_407' title='bbox 1378 2341 1440 2398; x_wconf 77' lang='lat' dir='ltr'>que</span> <span class='ocrx_word' id='word_1_408' title='bbox 1454 2323 1582 2396; x_wconf 75' lang='lat' dir='ltr'>praedicat</span> <span class='ocrx_word' id='word_1_409' title='bbox 1596 2340 1646 2380; x_wconf 91' lang='lat' dir='ltr'>ore</span> 
     </span>
     <span class='ocr_line' id='line_1_67' title="bbox 915 2412 1734 2487; baseline -0.005 -16"><span class='ocrx_word' id='word_1_410' title='bbox 915 2416 993 2486; x_wconf 89' lang='lat' dir='ltr'>Quod</span> <span class='ocrx_word' id='word_1_411' title='bbox 1008 2414 1101 2471; x_wconf 89' lang='lat' dir='ltr'>multis</span> <span class='ocrx_word' id='word_1_412' title='bbox 1114 2431 1168 2472; x_wconf 90' lang='lat' dir='ltr'>non</span> <span class='ocrx_word' id='word_1_413' title='bbox 1179 2415 1267 2486; x_wconf 88' lang='lat' dir='ltr'>possit</span> <span class='ocrx_word' id='word_1_414' title='bbox 1281 2413 1359 2486; x_wconf 90' lang='lat' dir='ltr'>aquis</span> <span class='ocrx_word' id='word_1_415' title='bbox 1372 2414 1435 2485; x_wconf 91' lang='lat' dir='ltr'>pius</span> <span class='ocrx_word' id='word_1_416' title='bbox 1449 2413 1533 2469; x_wconf 90' lang='lat' dir='ltr'>ardor</span> <span class='ocrx_word' id='word_1_417' title='bbox 1544 2412 1647 2469; x_wconf 88' lang='lat' dir='ltr'>amoris</span> <span class='ocrx_word' id='word_1_418' title='bbox 1730 2480 1734 2487; x_wconf 33' lang='grc' dir='ltr'>Ι</span> 
     </span>
    </p>
   </div>
   <div class='ocr_carea' id='block_1_23' title="bbox 828 2500 1612 2578">
    <p class='ocr_par' dir='ltr' id='par_1_34' title="bbox 828 2500 1612 2578">
     <span class='ocr_line' id='line_1_68' title="bbox 828 2500 1612 2578; baseline -0.006 -17"><span class='ocrx_word' id='word_1_419' title='bbox 828 2550 833 2561; x_wconf 94' lang='grc'><em>,</em></span> <span class='ocrx_word' id='word_1_420' title='bbox 914 2505 1068 2578; x_wconf 80' lang='lat' dir='ltr'>Exstingui.</span> <span class='ocrx_word' id='word_1_421' title='bbox 1089 2505 1235 2560; x_wconf 88' lang='lat' dir='ltr'>Tormenta</span> <span class='ocrx_word' id='word_1_422' title='bbox 1255 2510 1333 2574; x_wconf 89' lang='lat' dir='ltr'>parat</span> <span class='ocrx_word' id='word_1_423' title='bbox 1347 2503 1412 2558; x_wconf 93' lang='lat' dir='ltr'>dum</span> <span class='ocrx_word' id='word_1_424' title='bbox 1434 2500 1498 2558; x_wconf 89' lang='lat' dir='ltr'>talia</span> <span class='ocrx_word' id='word_1_425' title='bbox 1522 2501 1612 2568; x_wconf 89' lang='lat' dir='ltr'>miles,</span> 
     </span>
    </p>
   </div>
   <div class='ocr_carea' id='block_1_24' title="bbox 915 2590 1717 3286">
    <p class='ocr_par' dir='ltr' id='par_1_35' title="bbox 915 2590 1561 2665">
     <span class='ocr_line' id='line_1_69' title="bbox 915 2590 1561 2665; baseline -0.008 -15"><span class='ocrx_word' id='word_1_426' title='bbox 915 2595 1022 2650; x_wconf 89' lang='lat' dir='ltr'>Praeses</span> <span class='ocrx_word' id='word_1_427' title='bbox 1036 2592 1071 2648; x_wconf 91' lang='lat' dir='ltr'>ab</span> <span class='ocrx_word' id='word_1_428' title='bbox 1092 2594 1200 2649; x_wconf 88' lang='lat' dir='ltr'>interno</span> <span class='ocrx_word' id='word_1_429' title='bbox 1223 2592 1347 2665; x_wconf 89' lang='lat' dir='ltr'>pulsatus</span> <span class='ocrx_word' id='word_1_430' title='bbox 1360 2590 1462 2660; x_wconf 85' lang='lat' dir='ltr'>judice,</span> <span class='ocrx_word' id='word_1_431' title='bbox 1476 2590 1561 2660; x_wconf 74' lang='lat' dir='ltr'>iussis</span> 
     </span>
    </p>

    <p class='ocr_par' dir='ltr' id='par_1_36' title="bbox 916 2678 1668 2844">
     <span class='ocr_line' id='line_1_70' title="bbox 916 2678 1668 2753; baseline -0.007 -14"><span class='ocrx_word' id='word_1_432' title='bbox 916 2682 1005 2739; x_wconf 89' lang='lat' dir='ltr'>Obvia</span> <span class='ocrx_word' id='word_1_433' title='bbox 1016 2682 1095 2753; x_wconf 85' lang='lat' dir='ltr'>jussa</span> <span class='ocrx_word' id='word_1_434' title='bbox 1116 2681 1219 2753; x_wconf 85' lang='lat' dir='ltr'>serens,</span> <span class='ocrx_word' id='word_1_435' title='bbox 1234 2682 1379 2737; x_wconf 86' lang='lat' dir='ltr'>blammem</span> <span class='ocrx_word' id='word_1_436' title='bbox 1393 2679 1470 2749; x_wconf 77' lang='lat' dir='ltr'>iubet</span> <span class='ocrx_word' id='word_1_437' title='bbox 1480 2679 1544 2735; x_wconf 91' lang='lat' dir='ltr'>inde</span> <span class='ocrx_word' id='word_1_438' title='bbox 1558 2678 1668 2735; x_wconf 87' lang='lat' dir='ltr'>beatum</span> 
     </span>
     <span class='ocr_line' id='line_1_71' title="bbox 916 2767 1592 2844; baseline -0.007 -16"><span class='ocrx_word' id='word_1_439' title='bbox 916 2771 1041 2829; x_wconf 90' lang='lat' dir='ltr'>Carceris</span> <span class='ocrx_word' id='word_1_440' title='bbox 1054 2771 1169 2828; x_wconf 88' lang='lat' dir='ltr'>extremi</span> <span class='ocrx_word' id='word_1_441' title='bbox 1182 2770 1287 2844; x_wconf 84' lang='lat' dir='ltr'>gremio</span> <span class='ocrx_word' id='word_1_442' title='bbox 1302 2768 1477 2842; x_wconf 87' lang='lat' dir='ltr'>tenebrisque</span> <span class='ocrx_word' id='word_1_443' title='bbox 1492 2767 1592 2841; x_wconf 83' lang='lat' dir='ltr'>ligari3</span> 
     </span>
    </p>

    <p class='ocr_par' dir='ltr' id='par_1_37' title="bbox 915 2856 1613 2933">
     <span class='ocr_line' id='line_1_72' title="bbox 915 2856 1613 2933; baseline -0.007 -17"><span class='ocrx_word' id='word_1_444' title='bbox 915 2862 978 2933; x_wconf 89' lang='lat' dir='ltr'>lpse</span> <span class='ocrx_word' id='word_1_445' title='bbox 991 2859 1082 2933; x_wconf 86' lang='lat' dir='ltr'>magis</span> <span class='ocrx_word' id='word_1_446' title='bbox 1096 2858 1216 2916; x_wconf 86' lang='lat' dir='ltr'>tenebris</span> <span class='ocrx_word' id='word_1_447' title='bbox 1229 2873 1303 2917; x_wconf 89' lang='lat' dir='ltr'>oaeca</span> <span class='ocrx_word' id='word_1_448' title='bbox 1317 2864 1345 2915; x_wconf 90' lang='lat' dir='ltr'>et</span> <span class='ocrx_word' id='word_1_449' title='bbox 1359 2856 1475 2931; x_wconf 87' lang='lat' dir='ltr'>ealigine</span> <span class='ocrx_word' id='word_1_450' title='bbox 1492 2871 1613 2928; x_wconf 88' lang='lat' dir='ltr'>pressus,</span> 
     </span>
    </p>

    <p class='ocr_par' dir='ltr' id='par_1_38' title="bbox 916 2944 1622 3018">
     <span class='ocr_line' id='line_1_73' title="bbox 916 2944 1622 3018; baseline -0.007 -13"><span class='ocrx_word' id='word_1_451' title='bbox 916 2949 968 3018; x_wconf 86' lang='lat' dir='ltr'>Qui</span> <span class='ocrx_word' id='word_1_452' title='bbox 982 2948 1098 3005; x_wconf 92' lang='lat' dir='ltr'>Domino</span> <span class='ocrx_word' id='word_1_453' title='bbox 1108 2948 1335 3015; x_wconf 89' lang='lat' dir='ltr'>ductorecarens,</span> <span class='ocrx_word' id='word_1_454' title='bbox 1351 2945 1418 3018; x_wconf 90' lang='lat' dir='ltr'>petit</span> <span class='ocrx_word' id='word_1_455' title='bbox 1436 2944 1596 3012; x_wconf 86' lang='lat' dir='ltr'>exteriores,</span> <span class='ocrx_word' id='word_1_456' title='bbox 1617 2997 1622 3006; x_wconf 93' lang='grc'><em>,</em></span> 
     </span>
    </p>

    <p class='ocr_par' dir='ltr' id='par_1_39' title="bbox 915 3033 1717 3198">
     <span class='ocr_line' id='line_1_74' title="bbox 916 3033 1717 3109; baseline -0.006 -16"><span class='ocrx_word' id='word_1_457' title='bbox 916 3035 984 3107; x_wconf 89' lang='lat' dir='ltr'>Quis</span> <span class='ocrx_word' id='word_1_458' title='bbox 998 3038 1077 3094; x_wconf 86' lang='lat' dir='ltr'>ssatus</span> <span class='ocrx_word' id='word_1_459' title='bbox 1098 3036 1262 3109; x_wconf 83' lang='lat' dir='ltr'>stridorque,</span> <span class='ocrx_word' id='word_1_460' title='bbox 1288 3043 1410 3106; x_wconf 87' lang='lat' dir='ltr'>manent,</span> <span class='ocrx_word' id='word_1_461' title='bbox 1427 3033 1486 3091; x_wconf 89' lang='lat' dir='ltr'>sine</span> <span class='ocrx_word' id='word_1_462' title='bbox 1507 3034 1568 3091; x_wconf 88' lang='lat' dir='ltr'>luae</span> <span class='ocrx_word' id='word_1_463' title='bbox 1582 3033 1717 3090; x_wconf 88' lang='lat' dir='ltr'>tenebras.</span> 
     </span>
     <span class='ocr_line' id='line_1_75' title="bbox 915 3123 1582 3198; baseline -0.003 -18"><span class='ocrx_word' id='word_1_464' title='bbox 915 3127 950 3181; x_wconf 79' lang='lat' dir='ltr'>at</span> <span class='ocrx_word' id='word_1_465' title='bbox 965 3126 1067 3183; x_wconf 88' lang='lat' dir='ltr'>sanetis</span> <span class='ocrx_word' id='word_1_466' title='bbox 1081 3125 1198 3182; x_wconf 91' lang='lat' dir='ltr'>mundus</span> <span class='ocrx_word' id='word_1_467' title='bbox 1212 3140 1317 3196; x_wconf 88' lang='lat' dir='ltr'>carcer,</span> <span class='ocrx_word' id='word_1_468' title='bbox 1333 3139 1387 3198; x_wconf 92' lang='lat' dir='ltr'>quo</span> <span class='ocrx_word' id='word_1_469' title='bbox 1409 3123 1509 3181; x_wconf 87' lang='lat' dir='ltr'>solvier</span> <span class='ocrx_word' id='word_1_470' title='bbox 1522 3131 1582 3180; x_wconf 86' lang='lat' dir='ltr'>orat</span> 
     </span>
    </p>

    <p class='ocr_par' dir='ltr' id='par_1_40' title="bbox 915 3211 1626 3286">
     <span class='ocr_line' id='line_1_76' title="bbox 915 3211 1626 3286; baseline 0 -17"><span class='ocrx_word' id='word_1_471' title='bbox 915 3213 951 3270; x_wconf 88' lang='lat' dir='ltr'>Se</span> <span class='ocrx_word' id='word_1_472' title='bbox 966 3215 1109 3271; x_wconf 88' lang='lat' dir='ltr'>Psalmista</span> <span class='ocrx_word' id='word_1_473' title='bbox 1123 3216 1239 3271; x_wconf 89' lang='lat' dir='ltr'>Domum</span> <span class='ocrx_word' id='word_1_474' title='bbox 1253 3212 1374 3286; x_wconf 90' lang='lat' dir='ltr'>paradisi</span> <span class='ocrx_word' id='word_1_475' title='bbox 1397 3211 1476 3270; x_wconf 88' lang='lat' dir='ltr'>laetus</span> <span class='ocrx_word' id='word_1_476' title='bbox 1490 3219 1520 3268; x_wconf 92' lang='lat' dir='ltr'>ut</span> <span class='ocrx_word' id='word_1_477' title='bbox 1533 3211 1626 3269; x_wconf 90' lang='lat' dir='ltr'>intret.</span> 
     </span>
    </p>
   </div>
   <div class='ocr_carea' id='block_1_25' title="bbox 1203 3347 1398 3404">
    <p class='ocr_par' dir='ltr' id='par_1_41' title="bbox 1203 3347 1398 3404">
     <span class='ocr_line' id='line_1_77' title="bbox 1203 3347 1398 3404; baseline -0.005 0"><span class='ocrx_word' id='word_1_478' title='bbox 1203 3348 1316 3404; x_wconf 76' lang='lat' dir='ltr'>CAPUT</span> <span class='ocrx_word' id='word_1_479' title='bbox 1337 3347 1398 3404; x_wconf 85' lang='lat' dir='ltr'>XV.</span> 
     </span>
    </p>
   </div>
   <div class='ocr_carea' id='block_1_26' title="bbox 916 3462 1723 4423">
    <p class='ocr_par' dir='ltr' id='par_1_42' title="bbox 954 3462 1723 3591">
     <span class='ocr_line' id='line_1_78' title="bbox 954 3462 1723 3537; baseline -0.001 -17"><span class='ocrx_word' id='word_1_480' title='bbox 954 3462 1193 3532; x_wconf 82' lang='lat' dir='ltr'>Quemadmodum</span> <span class='ocrx_word' id='word_1_481' title='bbox 1210 3463 1356 3534; x_wconf 76' lang='lat' dir='ltr'>inpressas</span> <span class='ocrx_word' id='word_1_482' title='bbox 1378 3477 1531 3531; x_wconf 83' lang='lat' dir='ltr'>carcerem,</span> <span class='ocrx_word' id='word_1_483' title='bbox 1550 3465 1662 3537; x_wconf 83' lang='lat' dir='ltr'>paverit</span> <span class='ocrx_word' id='word_1_484' title='bbox 1684 3463 1723 3520; x_wconf 79' lang='lat' dir='ltr'>ibt</span> 
     </span>
     <span class='ocr_line' id='line_1_79' title="bbox 1249 3534 1386 3591; baseline -0.007 -3"><span class='ocrx_word' id='word_1_485' title='bbox 1249 3534 1386 3591; x_wconf 81' lang='lat' dir='ltr'>reclusos.</span> 
     </span>
    </p>

    <p class='ocr_par' dir='ltr' id='par_1_43' title="bbox 916 3638 1688 4423">
     <span class='ocr_line' id='line_1_80' title="bbox 919 3638 1651 3713; baseline -0.008 -13"><span class='ocrx_word' id='word_1_486' title='bbox 919 3644 1037 3700; x_wconf 89' lang='lat' dir='ltr'>Sanetus</span> <span class='ocrx_word' id='word_1_487' title='bbox 1051 3641 1079 3697; x_wconf 92' lang='lat' dir='ltr'>in</span> <span class='ocrx_word' id='word_1_488' title='bbox 1095 3639 1206 3713; x_wconf 87' lang='lat' dir='ltr'>angusti</span> <span class='ocrx_word' id='word_1_489' title='bbox 1229 3638 1379 3710; x_wconf 89' lang='lat' dir='ltr'>perductus</span> <span class='ocrx_word' id='word_1_490' title='bbox 1400 3639 1519 3696; x_wconf 84' lang='lat' dir='ltr'>carceris</span> <span class='ocrx_word' id='word_1_491' title='bbox 1533 3647 1651 3708; x_wconf 88' lang='lat' dir='ltr'>antrum,</span> 
     </span>
     <span class='ocr_line' id='line_1_81' title="bbox 916 3726 1562 3804; baseline -0.009 -15"><span class='ocrx_word' id='word_1_492' title='bbox 916 3730 1045 3804; x_wconf 85' lang='lat' dir='ltr'>Repperit</span> <span class='ocrx_word' id='word_1_493' title='bbox 1060 3728 1182 3787; x_wconf 89' lang='lat' dir='ltr'>inclusos</span> <span class='ocrx_word' id='word_1_494' title='bbox 1196 3726 1273 3785; x_wconf 91' lang='lat' dir='ltr'>vario</span> <span class='ocrx_word' id='word_1_495' title='bbox 1287 3743 1338 3800; x_wconf 92' lang='lat' dir='ltr'>pro</span> <span class='ocrx_word' id='word_1_496' title='bbox 1352 3727 1467 3785; x_wconf 90' lang='lat' dir='ltr'>erimine</span> <span class='ocrx_word' id='word_1_497' title='bbox 1491 3726 1562 3783; x_wconf 89' lang='lat' dir='ltr'>dura</span> 
     </span>
     <span class='ocr_line' id='line_1_82' title="bbox 917 3815 1652 3892; baseline -0.008 -15"><span class='ocrx_word' id='word_1_498' title='bbox 917 3821 996 3879; x_wconf 90' lang='lat' dir='ltr'>Sorte</span> <span class='ocrx_word' id='word_1_499' title='bbox 1011 3825 1109 3892; x_wconf 90' lang='lat' dir='ltr'>quater</span> <span class='ocrx_word' id='word_1_500' title='bbox 1123 3818 1228 3884; x_wconf 89' lang='lat' dir='ltr'>den0s;</span> <span class='ocrx_word' id='word_1_501' title='bbox 1244 3831 1309 3874; x_wconf 88' lang='lat' dir='ltr'>mox</span> <span class='ocrx_word' id='word_1_502' title='bbox 1331 3816 1420 3888; x_wconf 93' lang='lat' dir='ltr'>primo</span> <span class='ocrx_word' id='word_1_503' title='bbox 1433 3816 1463 3872; x_wconf 91' lang='lat' dir='ltr'>in</span> <span class='ocrx_word' id='word_1_504' title='bbox 1483 3815 1577 3873; x_wconf 88' lang='lat' dir='ltr'>limine</span> <span class='ocrx_word' id='word_1_505' title='bbox 1591 3815 1652 3872; x_wconf 82' lang='lat' dir='ltr'>fixis</span> 
     </span>
     <span class='ocr_line' id='line_1_83' title="bbox 917 3904 1681 3980; baseline -0.009 -13"><span class='ocrx_word' id='word_1_506' title='bbox 917 3910 959 3967; x_wconf 77' lang='lat' dir='ltr'>Ad</span> <span class='ocrx_word' id='word_1_507' title='bbox 982 3907 1127 3966; x_wconf 90' lang='lat' dir='ltr'>Dominum</span> <span class='ocrx_word' id='word_1_508' title='bbox 1148 3905 1276 3980; x_wconf 78' lang='lat' dir='ltr'>genibus,</span> <span class='ocrx_word' id='word_1_509' title='bbox 1302 3904 1434 3962; x_wconf 80' lang='lat' dir='ltr'>fundebat</span> <span class='ocrx_word' id='word_1_510' title='bbox 1448 3905 1514 3961; x_wconf 87' lang='lat' dir='ltr'>talia</span> <span class='ocrx_word' id='word_1_511' title='bbox 1528 3906 1681 3962; x_wconf 84' lang='lat' dir='ltr'>blammes:</span> 
     </span>
     <span class='ocr_line' id='line_1_84' title="bbox 918 3992 1688 4070; baseline -0.009 -14"><span class='ocrx_word' id='word_1_512' title='bbox 918 3998 1107 4070; x_wconf 89' lang='lat' dir='ltr'>Omnipotens,</span> <span class='ocrx_word' id='word_1_513' title='bbox 1118 3996 1252 4052; x_wconf 88' lang='lat' dir='ltr'>immense</span> <span class='ocrx_word' id='word_1_514' title='bbox 1262 3996 1347 4062; x_wconf 90' lang='lat' dir='ltr'>Deus,</span> <span class='ocrx_word' id='word_1_515' title='bbox 1363 4010 1445 4066; x_wconf 90' lang='lat' dir='ltr'>quem</span> <span class='ocrx_word' id='word_1_516' title='bbox 1465 3994 1585 4069; x_wconf 89' lang='lat' dir='ltr'>denique</span> <span class='ocrx_word' id='word_1_517' title='bbox 1601 3992 1688 4051; x_wconf 90' lang='lat' dir='ltr'>nostri</span> 
     </span>
     <span class='ocr_line' id='line_1_85' title="bbox 918 4082 1561 4157; baseline -0.006 -14"><span class='ocrx_word' id='word_1_518' title='bbox 918 4088 1045 4143; x_wconf 88' lang='lat' dir='ltr'>Dilexere</span> <span class='ocrx_word' id='word_1_519' title='bbox 1059 4093 1160 4157; x_wconf 89' lang='lat' dir='ltr'>patres,</span> <span class='ocrx_word' id='word_1_520' title='bbox 1173 4082 1235 4155; x_wconf 90' lang='lat' dir='ltr'>quia</span> <span class='ocrx_word' id='word_1_521' title='bbox 1252 4090 1280 4139; x_wconf 88' lang='lat' dir='ltr'>tu</span> <span class='ocrx_word' id='word_1_522' title='bbox 1294 4083 1440 4139; x_wconf 88' lang='lat' dir='ltr'>miseratus</span> <span class='ocrx_word' id='word_1_523' title='bbox 1454 4082 1561 4151; x_wconf 88' lang='lat' dir='ltr'>amasti,</span> 
     </span>
     <span class='ocr_line' id='line_1_86' title="bbox 918 4171 1688 4247; baseline -0.006 -16"><span class='ocrx_word' id='word_1_524' title='bbox 918 4175 1024 4231; x_wconf 84' lang='lat' dir='ltr'>Exaudi</span> <span class='ocrx_word' id='word_1_525' title='bbox 1038 4189 1108 4247; x_wconf 88' lang='lat' dir='ltr'>quas</span> <span class='ocrx_word' id='word_1_526' title='bbox 1119 4171 1204 4228; x_wconf 81' lang='lat' dir='ltr'>fundo</span> <span class='ocrx_word' id='word_1_527' title='bbox 1228 4186 1336 4243; x_wconf 85' lang='lat' dir='ltr'>preces,</span> <span class='ocrx_word' id='word_1_528' title='bbox 1353 4185 1406 4229; x_wconf 89' lang='lat' dir='ltr'>neo</span> <span class='ocrx_word' id='word_1_529' title='bbox 1422 4171 1548 4245; x_wconf 86' lang='lat' dir='ltr'>linquere</span> <span class='ocrx_word' id='word_1_530' title='bbox 1562 4180 1575 4208; x_wconf 80' lang='lat'>⁸</span> <span class='ocrx_word' id='word_1_531' title='bbox 1588 4179 1688 4228; x_wconf 88' lang='lat' dir='ltr'>memet</span> 
     </span>
     <span class='ocr_line' id='line_1_87' title="bbox 919 4259 1546 4334; baseline -0.006 -14"><span class='ocrx_word' id='word_1_532' title='bbox 919 4262 1033 4320; x_wconf 72' lang='lat' dir='ltr'>auxiliis</span> <span class='ocrx_word' id='word_1_533' title='bbox 1046 4262 1093 4334; x_wconf 93' lang='lat' dir='ltr'>qui</span> <span class='ocrx_word' id='word_1_534' title='bbox 1107 4260 1170 4318; x_wconf 90' lang='lat' dir='ltr'>vivo</span> <span class='ocrx_word' id='word_1_535' title='bbox 1185 4260 1248 4329; x_wconf 92' lang='lat' dir='ltr'>tuis,</span> <span class='ocrx_word' id='word_1_536' title='bbox 1274 4259 1398 4334; x_wconf 84' lang='lat' dir='ltr'>dignare,</span> <span class='ocrx_word' id='word_1_537' title='bbox 1422 4259 1546 4317; x_wconf 90' lang='lat' dir='ltr'>Creator.</span> 
     </span>
     <span class='ocr_line' id='line_1_88' title="bbox 919 4348 1579 4423; baseline -0.006 -15"><span class='ocrx_word' id='word_1_538' title='bbox 919 4351 1047 4409; x_wconf 87' lang='lat' dir='ltr'>Protinus</span> <span class='ocrx_word' id='word_1_539' title='bbox 1060 4348 1169 4418; x_wconf 89' lang='lat' dir='ltr'>inclusi,</span> <span class='ocrx_word' id='word_1_540' title='bbox 1184 4356 1315 4423; x_wconf 86' lang='lat' dir='ltr'>percepto</span> <span class='ocrx_word' id='word_1_541' title='bbox 1324 4348 1434 4407; x_wconf 88' lang='lat' dir='ltr'>nornine</span> <span class='ocrx_word' id='word_1_542' title='bbox 1445 4348 1579 4418; x_wconf 82' lang='lat' dir='ltr'>ldammis,</span> 
     </span>
    </p>
   </div>
   <div class='ocr_carea' id='block_1_27' title="bbox 103 4436 1632 4522">
    <p class='ocr_par' dir='ltr' id='par_1_44' title="bbox 103 4436 1632 4522">
     <span class='ocr_line' id='line_1_89' title="bbox 103 4436 1632 4522; baseline -0.01 -15"><span class='ocrx_word' id='word_1_543' title='bbox 103 4451 232 4522; x_wconf 83' lang='lat' dir='ltr'>Qualiter</span> <span class='ocrx_word' id='word_1_544' title='bbox 246 4452 342 4508; x_wconf 81' lang='lat' dir='ltr'>acrius</span> <span class='ocrx_word' id='word_1_545' title='bbox 362 4454 453 4508; x_wconf 79' lang='lat' dir='ltr'>torua</span> <span class='ocrx_word' id='word_1_546' title='bbox 468 4445 575 4502; x_wconf 78' lang='lat' dir='ltr'>calesti</span> <span class='ocrx_word' id='word_1_547' title='bbox 596 4445 770 4502; x_wconf 80' lang='lat' dir='ltr'>allocutione</span> <span class='ocrx_word' id='word_1_548' title='bbox 792 4445 831 4501; x_wconf 81' lang='lat' dir='ltr'>eit</span> <span class='ocrx_word' id='word_1_549' title='bbox 881 4442 962 4519; x_wconf 75' lang='lat' dir='ltr'>Ddd</span> <span class='ocrx_word' id='word_1_550' title='bbox 975 4439 1083 4513; x_wconf 88' lang='lat' dir='ltr'>plantas</span> <span class='ocrx_word' id='word_1_551' title='bbox 1096 4439 1207 4497; x_wconf 87' lang='lat' dir='ltr'>volvere</span> <span class='ocrx_word' id='word_1_552' title='bbox 1221 4453 1313 4495; x_wconf 84' lang='lat' dir='ltr'>sacras</span> <span class='ocrx_word' id='word_1_553' title='bbox 1324 4453 1375 4495; x_wconf 87' lang='lat' dir='ltr'>sua</span> <span class='ocrx_word' id='word_1_554' title='bbox 1388 4453 1504 4511; x_wconf 89' lang='lat' dir='ltr'>corpora</span> <span class='ocrx_word' id='word_1_555' title='bbox 1518 4436 1632 4511; x_wconf 85' lang='lat' dir='ltr'>passim.</span> 
     </span>
    </p>
   </div>
   <div class='ocr_carea' id='block_1_28' title="bbox 375 4521 563 4593">
    <p class='ocr_par' dir='ltr' id='par_1_45' title="bbox 375 4521 563 4593">
     <span class='ocr_line' id='line_1_90' title="bbox 375 4521 563 4593; baseline -0.043 -14"><span class='ocrx_word' id='word_1_556' title='bbox 375 4521 563 4593; x_wconf 68' lang='lat' dir='ltr'>confortatus.</span> 
     </span>
    </p>
   </div>
   <div class='ocr_carea' id='block_1_29' title="bbox 61 4622 867 5501">
    <p class='ocr_par' dir='ltr' id='par_1_46' title="bbox 62 4622 812 4784">
     <span class='ocr_line' id='line_1_91' title="bbox 62 4622 812 4699; baseline -0.013 -13"><span class='ocrx_word' id='word_1_557' title='bbox 62 4632 171 4686; x_wconf 85' lang='lat' dir='ltr'>Praeses</span> <span class='ocrx_word' id='word_1_558' title='bbox 184 4635 212 4685; x_wconf 91' lang='lat' dir='ltr'>ut</span> <span class='ocrx_word' id='word_1_559' title='bbox 225 4628 354 4686; x_wconf 89' lang='lat' dir='ltr'>invictum</span> <span class='ocrx_word' id='word_1_560' title='bbox 369 4627 454 4684; x_wconf 89' lang='lat' dir='ltr'>sensit</span> <span class='ocrx_word' id='word_1_561' title='bbox 469 4641 518 4699; x_wconf 91' lang='lat' dir='ltr'>per</span> <span class='ocrx_word' id='word_1_562' title='bbox 537 4623 653 4679; x_wconf 89' lang='lat' dir='ltr'>vulnera</span> <span class='ocrx_word' id='word_1_563' title='bbox 667 4622 812 4678; x_wconf 87' lang='lat' dir='ltr'>llammem</span> 
     </span>
     <span class='ocr_line' id='line_1_92' title="bbox 62 4712 671 4784; baseline -0.018 -7"><span class='ocrx_word' id='word_1_564' title='bbox 62 4718 179 4777; x_wconf 89' lang='lat' dir='ltr'>Obuixis</span> <span class='ocrx_word' id='word_1_565' title='bbox 190 4718 288 4775; x_wconf 92' lang='lat' dir='ltr'>durare</span> <span class='ocrx_word' id='word_1_566' title='bbox 304 4718 410 4784; x_wconf 90' lang='lat' dir='ltr'>animis,</span> <span class='ocrx_word' id='word_1_567' title='bbox 422 4732 474 4772; x_wconf 92' lang='lat' dir='ltr'>nec</span> <span class='ocrx_word' id='word_1_568' title='bbox 486 4713 557 4772; x_wconf 91' lang='lat' dir='ltr'>velle</span> <span class='ocrx_word' id='word_1_569' title='bbox 567 4712 671 4768; x_wconf 86' lang='lat' dir='ltr'>reflecti</span> 
     </span>
    </p>

    <p class='ocr_par' dir='ltr' id='par_1_47' title="bbox 61 4799 794 4967">
     <span class='ocr_line' id='line_1_93' title="bbox 61 4799 794 4879; baseline -0.012 -15"><span class='ocrx_word' id='word_1_570' title='bbox 61 4808 106 4864; x_wconf 78' lang='lat' dir='ltr'>ad</span> <span class='ocrx_word' id='word_1_571' title='bbox 118 4808 212 4862; x_wconf 91' lang='lat' dir='ltr'>mundi</span> <span class='ocrx_word' id='word_1_572' title='bbox 227 4807 341 4863; x_wconf 89' lang='lat' dir='ltr'>ridentis</span> <span class='ocrx_word' id='word_1_573' title='bbox 355 4821 435 4879; x_wconf 92' lang='lat' dir='ltr'>opem</span> <span class='ocrx_word' id='word_1_574' title='bbox 451 4822 458 4860; x_wconf 91' lang='lat'><strong>:</strong></span> <span class='ocrx_word' id='word_1_575' title='bbox 473 4805 532 4859; x_wconf 81' lang='lat' dir='ltr'>lam</span> <span class='ocrx_word' id='word_1_576' title='bbox 549 4800 680 4868; x_wconf 80' lang='lat' dir='ltr'>funditus,</span> <span class='ocrx_word' id='word_1_577' title='bbox 698 4799 794 4874; x_wconf 88' lang='lat' dir='ltr'>inquit,</span> 
     </span>
     <span class='ocr_line' id='line_1_94' title="bbox 62 4888 694 4967; baseline -0.013 -14"><span class='ocrx_word' id='word_1_578' title='bbox 62 4896 196 4953; x_wconf 87' lang='lat' dir='ltr'>Interiora</span> <span class='ocrx_word' id='word_1_579' title='bbox 208 4896 260 4952; x_wconf 92' lang='lat' dir='ltr'>viri</span> <span class='ocrx_word' id='word_1_580' title='bbox 275 4895 400 4951; x_wconf 89' lang='lat' dir='ltr'>manibus</span> <span class='ocrx_word' id='word_1_581' title='bbox 415 4893 557 4967; x_wconf 91' lang='lat' dir='ltr'>pulsentur</span> <span class='ocrx_word' id='word_1_582' title='bbox 569 4888 694 4956; x_wconf 90' lang='lat' dir='ltr'>obuncis,</span> 
     </span>
    </p>

    <p class='ocr_par' dir='ltr' id='par_1_48' title="bbox 61 4977 705 5057">
     <span class='ocr_line' id='line_1_95' title="bbox 61 4977 705 5057; baseline -0.017 -15"><span class='ocrx_word' id='word_1_583' title='bbox 61 4986 98 5042; x_wconf 90' lang='lat' dir='ltr'>Ut</span> <span class='ocrx_word' id='word_1_584' title='bbox 113 4985 224 5039; x_wconf 89' lang='lat' dir='ltr'>tandem</span> <span class='ocrx_word' id='word_1_585' title='bbox 234 4992 323 5041; x_wconf 90' lang='lat' dir='ltr'>cesset</span> <span class='ocrx_word' id='word_1_586' title='bbox 336 4982 450 5057; x_wconf 91' lang='lat' dir='ltr'>magieis</span> <span class='ocrx_word' id='word_1_587' title='bbox 464 4978 604 5038; x_wconf 75' lang='lat' dir='ltr'>confidere</span> <span class='ocrx_word' id='word_1_588' title='bbox 617 4977 705 5046; x_wconf 88' lang='lat' dir='ltr'>vanis,</span> 
     </span>
    </p>

    <p class='ocr_par' dir='ltr' id='par_1_49' title="bbox 63 5071 722 5235">
     <span class='ocr_line' id='line_1_96' title="bbox 63 5071 722 5144; baseline -0.012 -15"><span class='ocrx_word' id='word_1_589' title='bbox 63 5074 99 5129; x_wconf 87' lang='lat' dir='ltr'>Et</span> <span class='ocrx_word' id='word_1_590' title='bbox 113 5074 209 5129; x_wconf 89' lang='lat' dir='ltr'>saltem</span> <span class='ocrx_word' id='word_1_591' title='bbox 233 5074 329 5130; x_wconf 91' lang='lat' dir='ltr'>nolens</span> <span class='ocrx_word' id='word_1_592' title='bbox 343 5071 458 5144; x_wconf 90' lang='lat' dir='ltr'>vestigia</span> <span class='ocrx_word' id='word_1_593' title='bbox 472 5076 568 5125; x_wconf 86' lang='lat' dir='ltr'>nostra</span> <span class='ocrx_word' id='word_1_594' title='bbox 583 5074 722 5139; x_wconf 89' lang='lat' dir='ltr'>sequatur.</span> 
     </span>
     <span class='ocr_line' id='line_1_97' title="bbox 63 5156 701 5235; baseline -0.011 -18"><span class='ocrx_word' id='word_1_595' title='bbox 63 5164 197 5217; x_wconf 88' lang='lat' dir='ltr'>llammes</span> <span class='ocrx_word' id='word_1_596' title='bbox 212 5163 319 5218; x_wconf 86' lang='lat' dir='ltr'>sidereo</span> <span class='ocrx_word' id='word_1_597' title='bbox 334 5160 422 5235; x_wconf 82' lang='lat' dir='ltr'>figens</span> <span class='ocrx_word' id='word_1_598' title='bbox 434 5176 482 5215; x_wconf 90' lang='lat' dir='ltr'>sua</span> <span class='ocrx_word' id='word_1_599' title='bbox 502 5157 605 5213; x_wconf 89' lang='lat' dir='ltr'>lumina</span> <span class='ocrx_word' id='word_1_600' title='bbox 621 5156 701 5222; x_wconf 89' lang='lat' dir='ltr'>eoelo,</span> 
     </span>
    </p>

    <p class='ocr_par' dir='ltr' id='par_1_50' title="bbox 63 5245 722 5323">
     <span class='ocr_line' id='line_1_98' title="bbox 63 5245 722 5323; baseline -0.011 -15"><span class='ocrx_word' id='word_1_601' title='bbox 63 5251 119 5323; x_wconf 91' lang='lat' dir='ltr'>Spe</span> <span class='ocrx_word' id='word_1_602' title='bbox 133 5251 244 5307; x_wconf 88' lang='lat' dir='ltr'>meliore</span> <span class='ocrx_word' id='word_1_603' title='bbox 258 5259 359 5307; x_wconf 88' lang='lat' dir='ltr'>metum</span> <span class='ocrx_word' id='word_1_604' title='bbox 374 5265 516 5322; x_wconf 74' lang='lat' dir='ltr'>pinnarum</span> <span class='ocrx_word' id='word_1_605' title='bbox 535 5247 605 5302; x_wconf 91' lang='lat' dir='ltr'>liber</span> <span class='ocrx_word' id='word_1_606' title='bbox 619 5245 722 5317; x_wconf 84' lang='lat' dir='ltr'>abegit.</span> 
     </span>
    </p>

    <p class='ocr_par' dir='ltr' id='par_1_51' title="bbox 62 5331 867 5501">
     <span class='ocr_line' id='line_1_99' title="bbox 63 5331 867 5412; baseline -0.011 -17"><span class='ocrx_word' id='word_1_607' title='bbox 63 5341 164 5408; x_wconf 89' lang='lat' dir='ltr'>Credo,</span> <span class='ocrx_word' id='word_1_608' title='bbox 180 5348 275 5395; x_wconf 87' lang='lat' dir='ltr'>tenens</span> <span class='ocrx_word' id='word_1_609' title='bbox 291 5340 364 5412; x_wconf 89' lang='lat' dir='ltr'>quod</span> <span class='ocrx_word' id='word_1_610' title='bbox 379 5339 503 5394; x_wconf 83' lang='lat' dir='ltr'>Christus</span> <span class='ocrx_word' id='word_1_611' title='bbox 523 5336 570 5401; x_wconf 88' lang='lat' dir='ltr'>ait,</span> <span class='ocrx_word' id='word_1_612' title='bbox 586 5351 640 5390; x_wconf 90' lang='lat' dir='ltr'>non</span> <span class='ocrx_word' id='word_1_613' title='bbox 655 5350 717 5389; x_wconf 88' lang='lat' dir='ltr'>esse</span> <span class='ocrx_word' id='word_1_614' title='bbox 730 5331 867 5388; x_wconf 90' lang='lat' dir='ltr'>timendos</span> 
     </span>
     <span class='ocr_line' id='line_1_100' title="bbox 62 5422 794 5501; baseline -0.012 -16"><span class='ocrx_word' id='word_1_615' title='bbox 62 5430 182 5501; x_wconf 88' lang='lat' dir='ltr'>Corpora</span> <span class='ocrx_word' id='word_1_616' title='bbox 198 5430 243 5500; x_wconf 93' lang='lat' dir='ltr'>qui</span> <span class='ocrx_word' id='word_1_617' title='bbox 256 5429 401 5500; x_wconf 88' lang='lat' dir='ltr'>perimunt,</span> <span class='ocrx_word' id='word_1_618' title='bbox 420 5427 557 5484; x_wconf 91' lang='lat' dir='ltr'>communi</span> <span class='ocrx_word' id='word_1_619' title='bbox 573 5423 691 5479; x_wconf 88' lang='lat' dir='ltr'>obnoxia</span> <span class='ocrx_word' id='word_1_620' title='bbox 705 5422 794 5492; x_wconf 87' lang='lat' dir='ltr'>morti,</span> 
     </span>
    </p>
   </div>
   <div class='ocr_carea' id='block_1_30' title="bbox 62 5520 761 5707">
    <p class='ocr_par' dir='ltr' id='par_1_52' title="bbox 62 5520 761 5707">
     <span class='ocr_line' id='line_1_101' title="bbox 62 5520 761 5597; baseline -0.011 -15"><span class='ocrx_word' id='word_1_621' title='bbox 62 5527 191 5584; x_wconf 78' lang='lat' dir='ltr'>Victurus</span> <span class='ocrx_word' id='word_1_622' title='bbox 205 5527 264 5581; x_wconf 91' lang='lat' dir='ltr'>sine</span> <span class='ocrx_word' id='word_1_623' title='bbox 279 5524 332 5581; x_wconf 87' lang='lat' dir='ltr'>stne</span> <span class='ocrx_word' id='word_1_624' title='bbox 347 5525 453 5581; x_wconf 88' lang='lat' dir='ltr'>animas</span> <span class='ocrx_word' id='word_1_625' title='bbox 468 5524 532 5597; x_wconf 88' lang='lat' dir='ltr'>quia</span> <span class='ocrx_word' id='word_1_626' title='bbox 553 5522 666 5596; x_wconf 90' lang='lat' dir='ltr'>perdere</span> <span class='ocrx_word' id='word_1_627' title='bbox 680 5520 761 5575; x_wconf 92' lang='lat' dir='ltr'>nullis</span> 
     </span>
     <span class='ocr_line' id='line_1_102' title="bbox 63 5613 744 5707; baseline -0.007 -37"><span class='ocrx_word' id='word_1_628' title='bbox 63 5614 210 5707; x_wconf 63' lang='lat' dir='ltr'>Suppliciis</span> <span class='ocrx_word' id='word_1_629' title='bbox 224 5623 347 5687; x_wconf 89' lang='lat' dir='ltr'>possunt.</span> <span class='ocrx_word' id='word_1_630' title='bbox 359 5615 435 5689; x_wconf 83' lang='lat' dir='ltr'>Ergo</span> <span class='ocrx_word' id='word_1_631' title='bbox 450 5615 514 5669; x_wconf 92' lang='lat' dir='ltr'>dum</span> <span class='ocrx_word' id='word_1_632' title='bbox 536 5613 598 5668; x_wconf 89' lang='lat' dir='ltr'>talia</span> <span class='ocrx_word' id='word_1_633' title='bbox 613 5613 744 5668; x_wconf 87' lang='lat' dir='ltr'>llammes</span> 
     </span>
    </p>
   </div>
   <div class='ocr_carea' id='block_1_31' title="bbox 916 4534 1723 5681">
    <p class='ocr_par' dir='ltr' id='par_1_53' title="bbox 916 4534 1650 4698">
     <span class='ocr_line' id='line_1_103' title="bbox 916 4534 1650 4612; baseline -0.005 -17"><span class='ocrx_word' id='word_1_634' title='bbox 916 4537 1047 4612; x_wconf 75' lang='lat' dir='ltr'>aquibus</span> <span class='ocrx_word' id='word_1_635' title='bbox 1061 4544 1090 4594; x_wconf 91' lang='lat' dir='ltr'>ut</span> <span class='ocrx_word' id='word_1_636' title='bbox 1105 4538 1235 4592; x_wconf 83' lang='lat' dir='ltr'>Mammea</span> <span class='ocrx_word' id='word_1_637' title='bbox 1249 4534 1314 4608; x_wconf 93' lang='lat' dir='ltr'>quid</span> <span class='ocrx_word' id='word_1_638' title='bbox 1325 4534 1425 4592; x_wconf 87' lang='lat' dir='ltr'>vellent</span> <span class='ocrx_word' id='word_1_639' title='bbox 1437 4549 1506 4593; x_wconf 87' lang='lat' dir='ltr'>voae</span> <span class='ocrx_word' id='word_1_640' title='bbox 1520 4534 1650 4608; x_wconf 86' lang='lat' dir='ltr'>reposcit,</span> 
     </span>
     <span class='ocr_line' id='line_1_104' title="bbox 916 4625 1580 4698; baseline -0.005 -14"><span class='ocrx_word' id='word_1_641' title='bbox 916 4627 1009 4684; x_wconf 77' lang='lat' dir='ltr'>Audiit</span> <span class='ocrx_word' id='word_1_642' title='bbox 1023 4625 1142 4684; x_wconf 88' lang='lat' dir='ltr'>esuriem</span> <span class='ocrx_word' id='word_1_643' title='bbox 1156 4625 1334 4698; x_wconf 83' lang='lat' dir='ltr'>languentum</span> <span class='ocrx_word' id='word_1_644' title='bbox 1348 4631 1445 4681; x_wconf 88' lang='lat' dir='ltr'>cuncta</span> <span class='ocrx_word' id='word_1_645' title='bbox 1455 4639 1506 4698; x_wconf 91' lang='lat' dir='ltr'>per</span> <span class='ocrx_word' id='word_1_646' title='bbox 1515 4639 1580 4682; x_wconf 89' lang='lat' dir='ltr'>ossa</span> 
     </span>
    </p>

    <p class='ocr_par' dir='ltr' id='par_1_54' title="bbox 916 4712 1581 4782">
     <span class='ocr_line' id='line_1_105' title="bbox 916 4712 1581 4782; baseline -0.009 -8"><span class='ocrx_word' id='word_1_647' title='bbox 916 4719 976 4774; x_wconf 88' lang='lat' dir='ltr'>Jarn</span> <span class='ocrx_word' id='word_1_648' title='bbox 990 4716 1097 4773; x_wconf 88' lang='lat' dir='ltr'>rabiem</span> <span class='ocrx_word' id='word_1_649' title='bbox 1113 4713 1228 4771; x_wconf 88' lang='lat' dir='ltr'>traxisse</span> <span class='ocrx_word' id='word_1_650' title='bbox 1245 4728 1332 4782; x_wconf 89' lang='lat' dir='ltr'>suam,</span> <span class='ocrx_word' id='word_1_651' title='bbox 1350 4720 1444 4769; x_wconf 78' lang='lat' dir='ltr'>nutme</span> <span class='ocrx_word' id='word_1_652' title='bbox 1459 4712 1581 4771; x_wconf 89' lang='lat' dir='ltr'>subactis</span> 
     </span>
    </p>

    <p class='ocr_par' dir='ltr' id='par_1_55' title="bbox 916 4802 1615 4876">
     <span class='ocr_line' id='line_1_106' title="bbox 916 4802 1615 4876; baseline -0.007 -14"><span class='ocrx_word' id='word_1_653' title='bbox 916 4807 1027 4863; x_wconf 90' lang='lat' dir='ltr'>Viribus</span> <span class='ocrx_word' id='word_1_654' title='bbox 1042 4805 1190 4870; x_wconf 89' lang='lat' dir='ltr'>incessum,</span> <span class='ocrx_word' id='word_1_655' title='bbox 1206 4802 1362 4876; x_wconf 71' lang='lat' dir='ltr'>linguaque</span> <span class='ocrx_word' id='word_1_656' title='bbox 1372 4802 1512 4858; x_wconf 90' lang='lat' dir='ltr'>retundier</span> <span class='ocrx_word' id='word_1_657' title='bbox 1525 4816 1615 4858; x_wconf 88' lang='lat' dir='ltr'>usum.</span> 
     </span>
    </p>

    <p class='ocr_par' dir='ltr' id='par_1_56' title="bbox 916 4889 1723 5410">
     <span class='ocr_line' id='line_1_107' title="bbox 916 4889 1669 4965; baseline -0.007 -14"><span class='ocrx_word' id='word_1_658' title='bbox 916 4896 982 4952; x_wconf 84' lang='lat' dir='ltr'>Haeo</span> <span class='ocrx_word' id='word_1_659' title='bbox 995 4893 1066 4950; x_wconf 92' lang='lat' dir='ltr'>inter</span> <span class='ocrx_word' id='word_1_660' title='bbox 1081 4891 1201 4965; x_wconf 87' lang='lat' dir='ltr'>patulam</span> <span class='ocrx_word' id='word_1_661' title='bbox 1213 4897 1357 4964; x_wconf 87' lang='lat' dir='ltr'>penetrare</span> <span class='ocrx_word' id='word_1_662' title='bbox 1377 4889 1506 4947; x_wconf 88' lang='lat' dir='ltr'>oolumba</span> <span class='ocrx_word' id='word_1_663' title='bbox 1519 4889 1669 4947; x_wconf 78' lang='lat' dir='ltr'>fenestram</span> 
     </span>
     <span class='ocr_line' id='line_1_108' title="bbox 917 4977 1653 5052; baseline -0.005 -11"><span class='ocrx_word' id='word_1_664' title='bbox 917 4985 984 5042; x_wconf 90' lang='lat' dir='ltr'>Visa</span> <span class='ocrx_word' id='word_1_665' title='bbox 997 4982 1090 5039; x_wconf 81' lang='lat' dir='ltr'>ferens</span> <span class='ocrx_word' id='word_1_666' title='bbox 1105 4979 1207 5048; x_wconf 90' lang='lat' dir='ltr'>mellis,</span> <span class='ocrx_word' id='word_1_667' title='bbox 1222 4977 1295 5037; x_wconf 90' lang='lat' dir='ltr'>nivei</span> <span class='ocrx_word' id='word_1_668' title='bbox 1320 4994 1429 5052; x_wconf 88' lang='lat' dir='ltr'>quoque</span> <span class='ocrx_word' id='word_1_669' title='bbox 1444 4994 1559 5036; x_wconf 89' lang='lat' dir='ltr'>munera</span> <span class='ocrx_word' id='word_1_670' title='bbox 1574 4979 1653 5037; x_wconf 87' lang='lat' dir='ltr'>lactis</span> 
     </span>
     <span class='ocr_line' id='line_1_109' title="bbox 921 5067 1723 5142; baseline -0.002 -12"><span class='ocrx_word' id='word_1_671' title='bbox 921 5073 980 5130; x_wconf 90' lang='lat' dir='ltr'>Vox</span> <span class='ocrx_word' id='word_1_672' title='bbox 995 5071 1075 5130; x_wconf 93' lang='lat' dir='ltr'>simul</span> <span class='ocrx_word' id='word_1_673' title='bbox 1094 5068 1229 5141; x_wconf 90' lang='lat' dir='ltr'>increpuit</span> <span class='ocrx_word' id='word_1_674' title='bbox 1243 5067 1302 5125; x_wconf 92' lang='lat' dir='ltr'>Tibi</span> <span class='ocrx_word' id='word_1_675' title='bbox 1321 5067 1445 5137; x_wconf 89' lang='lat' dir='ltr'>mittitur,</span> <span class='ocrx_word' id='word_1_676' title='bbox 1459 5067 1565 5141; x_wconf 85' lang='lat' dir='ltr'>accipe,</span> <span class='ocrx_word' id='word_1_677' title='bbox 1580 5070 1723 5142; x_wconf 78' lang='lat' dir='ltr'>Mammas,</span> 
     </span>
     <span class='ocr_line' id='line_1_110' title="bbox 918 5156 1622 5231; baseline -0.003 -13"><span class='ocrx_word' id='word_1_678' title='bbox 918 5161 1031 5218; x_wconf 90' lang='lat' dir='ltr'>Dulcius</span> <span class='ocrx_word' id='word_1_679' title='bbox 1049 5162 1102 5218; x_wconf 92' lang='lat' dir='ltr'>hoo</span> <span class='ocrx_word' id='word_1_680' title='bbox 1116 5159 1227 5216; x_wconf 91' lang='lat' dir='ltr'>domum</span> <span class='ocrx_word' id='word_1_681' title='bbox 1246 5156 1374 5231; x_wconf 89' lang='lat' dir='ltr'>pretiosis</span> <span class='ocrx_word' id='word_1_682' title='bbox 1393 5157 1492 5215; x_wconf 89' lang='lat' dir='ltr'>sumito</span> <span class='ocrx_word' id='word_1_683' title='bbox 1506 5158 1622 5216; x_wconf 87' lang='lat' dir='ltr'>eunctis.</span> 
     </span>
     <span class='ocr_line' id='line_1_111' title="bbox 918 5245 1652 5323; baseline -0.005 -15"><span class='ocrx_word' id='word_1_684' title='bbox 918 5251 1063 5323; x_wconf 74' lang='lat' dir='ltr'>decipiens</span> <span class='ocrx_word' id='word_1_685' title='bbox 1077 5251 1209 5306; x_wconf 85' lang='lat' dir='ltr'>blammes</span> <span class='ocrx_word' id='word_1_686' title='bbox 1223 5245 1350 5303; x_wconf 88' lang='lat' dir='ltr'>manibus</span> <span class='ocrx_word' id='word_1_687' title='bbox 1368 5261 1448 5305; x_wconf 87' lang='lat' dir='ltr'>saera</span> <span class='ocrx_word' id='word_1_688' title='bbox 1462 5248 1532 5305; x_wconf 91' lang='lat' dir='ltr'>dona</span> <span class='ocrx_word' id='word_1_689' title='bbox 1546 5249 1652 5323; x_wconf 86' lang='lat' dir='ltr'>supinis</span> 
     </span>
     <span class='ocr_line' id='line_1_112' title="bbox 919 5335 1636 5410; baseline -0.006 -14"><span class='ocrx_word' id='word_1_690' title='bbox 919 5341 1031 5410; x_wconf 85' lang='lat' dir='ltr'>blandit,</span> <span class='ocrx_word' id='word_1_691' title='bbox 1044 5347 1074 5404; x_wconf 34' lang='lat' dir='ltr'>⁸et</span> <span class='ocrx_word' id='word_1_692' title='bbox 1088 5339 1244 5409; x_wconf 85' lang='lat' dir='ltr'>adjunctam</span> <span class='ocrx_word' id='word_1_693' title='bbox 1259 5335 1339 5393; x_wconf 87' lang='lat' dir='ltr'>satiat</span> <span class='ocrx_word' id='word_1_694' title='bbox 1353 5336 1507 5395; x_wconf 92' lang='lat' dir='ltr'>benedictio</span> <span class='ocrx_word' id='word_1_695' title='bbox 1521 5338 1636 5395; x_wconf 89' lang='lat' dir='ltr'>turbam.</span> 
     </span>
    </p>

    <p class='ocr_par' dir='ltr' id='par_1_57' title="bbox 918 5427 1581 5502">
     <span class='ocr_line' id='line_1_113' title="bbox 918 5427 1581 5502; baseline -0.011 -14"><span class='ocrx_word' id='word_1_696' title='bbox 918 5432 954 5488; x_wconf 89' lang='lat' dir='ltr'>Ut</span> <span class='ocrx_word' id='word_1_697' title='bbox 968 5445 1065 5502; x_wconf 89' lang='lat' dir='ltr'>panes,</span> <span class='ocrx_word' id='word_1_698' title='bbox 1083 5445 1152 5501; x_wconf 87' lang='lat' dir='ltr'>quos</span> <span class='ocrx_word' id='word_1_699' title='bbox 1167 5427 1238 5483; x_wconf 83' lang='lat' dir='ltr'>sorte</span> <span class='ocrx_word' id='word_1_700' title='bbox 1252 5442 1321 5499; x_wconf 91' lang='lat' dir='ltr'>puer</span> <span class='ocrx_word' id='word_1_701' title='bbox 1334 5433 1488 5499; x_wconf 87' lang='lat' dir='ltr'>portaverat</span> <span class='ocrx_word' id='word_1_702' title='bbox 1502 5444 1581 5496; x_wconf 89' lang='lat' dir='ltr'>unus,</span> 
     </span>
    </p>

    <p class='ocr_par' dir='ltr' id='par_1_58' title="bbox 919 5513 1721 5681">
     <span class='ocr_line' id='line_1_114' title="bbox 919 5513 1721 5592; baseline -0.005 -18"><span class='ocrx_word' id='word_1_703' title='bbox 919 5518 1044 5592; x_wconf 89' lang='lat' dir='ltr'>Quinque</span> <span class='ocrx_word' id='word_1_704' title='bbox 1059 5517 1133 5574; x_wconf 92' lang='lat' dir='ltr'>dedit</span> <span class='ocrx_word' id='word_1_705' title='bbox 1148 5517 1281 5573; x_wconf 89' lang='lat' dir='ltr'>Dominus</span> <span class='ocrx_word' id='word_1_706' title='bbox 1291 5517 1426 5590; x_wconf 90' lang='lat' dir='ltr'>quondam</span> <span class='ocrx_word' id='word_1_707' title='bbox 1441 5532 1488 5590; x_wconf 90' lang='lat' dir='ltr'>per</span> <span class='ocrx_word' id='word_1_708' title='bbox 1497 5515 1580 5571; x_wconf 89' lang='lat' dir='ltr'>millia</span> <span class='ocrx_word' id='word_1_709' title='bbox 1592 5513 1721 5586; x_wconf 89' lang='lat' dir='ltr'>quinque,</span> 
     </span>
     <span class='ocr_line' id='line_1_115' title="bbox 920 5602 1669 5681; baseline -0.011 -16"><span class='ocrx_word' id='word_1_710' title='bbox 920 5607 965 5665; x_wconf 90' lang='lat' dir='ltr'>Sio</span> <span class='ocrx_word' id='word_1_711' title='bbox 981 5607 1054 5681; x_wconf 89' lang='lat' dir='ltr'>quod</span> <span class='ocrx_word' id='word_1_712' title='bbox 1068 5614 1158 5680; x_wconf 88' lang='lat' dir='ltr'>portat</span> <span class='ocrx_word' id='word_1_713' title='bbox 1173 5605 1243 5675; x_wconf 89' lang='lat' dir='ltr'>avis,</span> <span class='ocrx_word' id='word_1_714' title='bbox 1258 5607 1383 5664; x_wconf 84' lang='lat' dir='ltr'>llammae</span> <span class='ocrx_word' id='word_1_715' title='bbox 1398 5607 1448 5663; x_wconf 91' lang='lat' dir='ltr'>sub</span> <span class='ocrx_word' id='word_1_716' title='bbox 1467 5605 1571 5660; x_wconf 90' lang='lat' dir='ltr'>honore</span> <span class='ocrx_word' id='word_1_717' title='bbox 1586 5602 1669 5674; x_wconf 89' lang='lat' dir='ltr'>beati,</span> 
     </span>
    </p>
   </div>
   <div class='ocr_carea' id='block_1_32' title="bbox 94 5712 1079 5821">
    <p class='ocr_par' dir='ltr' id='par_1_59' title="bbox 94 5712 1079 5821">
     <span class='ocr_line' id='line_1_116' title="bbox 94 5712 1079 5821; baseline -0.007 -17"><span class='ocrx_word' id='word_1_718' title='bbox 94 5758 106 5786; x_wconf 80' lang='lat'>⁸</span> <span class='ocrx_word' id='word_1_719' title='bbox 123 5751 204 5805; x_wconf 72' lang='lat' dir='ltr'>liant.</span> <span class='ocrx_word' id='word_1_720' title='bbox 216 5751 285 5821; x_wconf 76' lang='lat' dir='ltr'>legit,</span> <span class='ocrx_word' id='word_1_721' title='bbox 297 5754 423 5807; x_wconf 73' lang='lat' dir='ltr'>limmate</span> <span class='ocrx_word' id='word_1_722' title='bbox 434 5751 461 5805; x_wconf 92' lang='lat' dir='ltr'>in</span> <span class='ocrx_word' id='word_1_723' title='bbox 472 5752 526 5805; x_wconf 91' lang='lat' dir='ltr'>not.</span> <span class='ocrx_word' id='word_1_724' title='bbox 539 5762 587 5803; x_wconf 87' lang='lat' dir='ltr'>ms.</span> <span class='ocrx_word' id='word_1_725' title='bbox 601 5763 609 5815; x_wconf 91' lang='lat'><strong>;</strong></span> <span class='ocrx_word' id='word_1_726' title='bbox 621 5712 666 5802; x_wconf 88' lang='lat' dir='ltr'>sed</span> <span class='ocrx_word' id='word_1_727' title='bbox 683 5744 812 5802; x_wconf 78' lang='lat' dir='ltr'>reddenda</span> <span class='ocrx_word' id='word_1_728' title='bbox 824 5746 896 5800; x_wconf 83' lang='lat' dir='ltr'>vetus</span> <span class='ocrx_word' id='word_1_729' title='bbox 906 5743 990 5802; x_wconf 81' lang='lat' dir='ltr'>leutio.</span> <span class='ocrx_word' id='word_1_730' title='bbox 1003 5744 1079 5798; x_wconf 80' lang='lat' dir='ltr'>Basx.</span> 
     </span>
    </p>
   </div>
   <div class='ocr_carea' id='block_1_33' title="bbox 0 0 1900 6112">
    <p class='ocr_par' dir='ltr' id='par_1_60' title="bbox 0 0 1900 6112">
     <span class='ocr_line' id='line_1_117' title="bbox 0 0 1900 6112; baseline 0 0"><span class='ocrx_word' id='word_1_731' title='bbox 0 0 1900 6112; x_wconf 95' lang='lat' dir='ltr'> </span> 
     </span>
    </p>
   </div>
  </div>
 </body>
</html>
