3772 6112
157 258 210 313 tot
436 254 639 312 wlttttttttt
653 255 776 311 sttttttt
789 256 891 313 FULD.
905 252 993 310 MON.
1005 252 1080 310 OPP.
1092 254 1181 312 PARS
1196 256 1216 311 l.
1233 285 1279 297 -··
1292 256 1529 314 Tttttototttch.
1759 263 1809 316 8⁰8

157 381 271 437 ditatum
295 378 386 435 minus
409 379 618 448 consentientes,
644 379 678 433 ad
698 386 791 435 sancta
806 380 956 435 admittuu·
967 378 995 438 Α
1006 395 1097 466 jussy,
1114 397 1149 454 de
1165 414 1219 469 quo
1234 398 1263 453 jn
1283 398 1422 455 3115510013
1443 399 1546 457 dictum
1561 407 1613 456 est,
1633 422 1644 450 .
1661 399 1725 456 Non
1741 414 1817 458 com.

158 476 211 525 tur.
227 468 347 524 «Omnis
357 468 403 541 qui
418 467 537 540 tetigerit
561 466 617 533 illa,
637 466 690 522 aid
704 477 745 522 est
761 467 807 540 qui
821 466 874 524 fide
892 484 960 540 pura
1010 486 1123 552 edetur,
1140 487 1189 543 sed
1211 487 1268 559 igni
1297 488 1480 545 comburetur·
1499 511 1510 538 ‚
1527 488 1597 544 Cum
1619 488 1746 545 Chrisms
1767 505 1816 561 pm

158 565 261 616 “iffi
276 557 420 614 dil⁸⁰fi⁰¹¹⁸
435 555 537 611 Simili
545 555 699 628 &dignum
708 573 741 628 pr
742 557 820 623 aebeb
836 579 846 607 ⁰¹
860 557 960 613 sancii·
1009 575 1245 646 peccatisnostris
1268 574 1303 631 sit
1324 593 1433 649 passus,
1454 593 1509 634 nou
1525 577 1609 633 debet
1622 577 1751 633 dentibus
1764 576 1817 634 mi-

157 645 294 713 fioabitur,
313 667 324 695 ι
342 644 485 701 sanctitate
500 652 525 700 et
544 644 719 716 perceptione
734 644 839 702 salutis.
856 645 960 703 Offeret
1009 663 1064 732 nui,
1082 672 1110 719 up
1123 664 1252 720 vpdepcey
1274 680 1324 736 pso
1349 666 1406 721 suis
1418 674 1540 722 mortuus
1563 666 1672 722 dicmur
1686 667 1814 738 pecatis,

157 736 247 792 Aaron
260 749 321 791 ⁰⁰¹⁰
348 731 410 788 filiis
423 732 479 788 suis
500 732 528 788 in
543 732 588 788 dle
603 732 737 789 ¹11¹⁰ii⁰ssi⁵
752 750 808 790 ⁸1¹ae
823 735 958 791 decimam
1011 752 1097 824 «quia
1112 761 1253 825 peccatum
1267 769 1321 809 uon
1338 753 1412 822 iecit,
1428 755 1622 811 necinventus
1638 762 1683 810 est
1696 755 1776 811 dolus
1791 756 1815 811 in

157 831 263 897 perlem
278 821 341 893 ephi
357 820 463 888 Simflae·
479 821 543 894 quia
558 821 586 877 5¹¹
601 837 649 877 ⁵¹¹³
672 822 861 879 incamaiiffle
877 824 960 880 Chii·
1009 856 1058 896 ore
1074 842 1281 914 ejus(lPet.1t),
1300 843 1372 898 »sed
1382 844 1504 900 scientiae
1511 843 1600 900 sancti
1608 843 1730 915 Spiritus
1741 859 1814 900 conr·

155 919 222 980 stus,
240 910 350 984 quando
372 909 522 965 humanitas
543 918 623 966 uncta
642 919 684 966 est
698 911 759 967 oleo
773 911 872 968 laetitiae
886 912 960 968 daci·
1008 930 1193 986 mendandum
1215 939 1255 986 031
1276 930 1343 986 fflud
1364 932 1523 1004 mysyefyum
1546 939 1574 989 ey
1597 930 1653 989 fide
1667 933 1750 1004 plena
1764 932 1814 991 yffi„

155 1016 229 1057 mam
251 1007 360 1072 partem
375 999 448 1071 ephi,
470 1016 532 1071 quae
553 1000 636 1055 babet
658 1008 717 1055 tres
740 1001 857 1068 modios,
875 1000 960 1057 idest
1009 1019 1135 1076 dapffiye,
1149 1019 1343 1077 exhibendum,

156 1088 354 1162 plenitudinem
365 1088 661 1158 bonorumoperumiu
680 1088 795 1146 scientia
822 1088 885 1145 fidei
897 1106 961 1146 san·

157 1187 207 1235 otae
221 1177 370 1243 Trinitatis,
387 1176 514 1233 fidelibus
536 1177 856 1234 servandamconstituit.
875 1201 886 1228 α
903 1179 960 1236 lle-
1303 1210 1416 1266 CAPUT
1430 1209 1488 1267 pfl·

156 1266 231 1325 mum
245 1267 304 1338 ejus
318 1281 400 1323 mane
415 1274 441 1322 et
455 1266 576 1322 medium
591 1283 740 1338 vespere.»
756 1269 834 1323 llane
848 1268 959 1341 quidem

156 1364 219 1413 ante
239 1355 384 1428 praesidem
406 1355 478 1413 stetit
499 1356 673 1411 damnandus
683 1357 717 1411 ad
736 1364 869 1424 mortem,
894 1374 959 1413 ves·
1063 1374 1073 1403 s
1092 1352 1156 1409 Haec
1168 1369 1277 1426 quoque
1292 1362 1334 1410 est
1347 1353 1391 1410 lex
1406 1353 1502 1410 hostiae
1516 1369 1566 1427 pro
1581 1354 1694 1413 delicto.
1713 1377 1725 1406 ι
1742 1354 1812 1413 Deli·

154 1461 221 1519 pere
244 1460 330 1512 vero,
355 1453 543 1501 consummata
574 1445 721 1516 passione,
736 1446 840 1516 positus
872 1445 960 1501 estin
1009 1449 1081 1497 ctum
1093 1449 1184 1513 potest
1204 1442 1276 1514 quod
1298 1443 1326 1498 iu
1349 1442 1448 1498 divinis
1462 1443 1546 1500 rebus
1558 1443 1729 1517 delinquitur
1742 1461 1811 1500 nun·

154 1534 321 1607 sepulcrum.
339 1533 407 1603 Quae
430 1533 519 1589 simila
540 1533 602 1590 olco
617 1549 766 1605 conspersa
781 1534 808 1588 iu
823 1534 960 1606 sartagine
1010 1530 1115 1601 cupari,
1132 1539 1273 1601 peccatum
1296 1547 1361 1587 vero
1382 1540 1477 1588 contra
1499 1532 1637 1588 homines.
1654 1533 1753 1589 Delicti
1767 1549 1812 1590 au·

152 1623 269 1698 frigetur
285 1629 313 1678 et
327 1622 417 1679 calida
431 1622 553 1689 offertur,
578 1622 640 1694 quia
655 1623 747 1693 passio
763 1623 863 1677 Christi
879 1638 961 1695 prop·
1010 1627 1065 1675 tem
1082 1620 1232 1675 remedium
1244 1619 1405 1691 perfectioni
1420 1636 1452 1676 ex
1467 1621 1574 1695 integro
1590 1621 1755 1678 devotorum
1765 1639 1812 1694 per

152 1719 196 1770 ter
209 1712 324 1768 nimiam
349 1710 511 1767 charitatem
527 1726 581 1782 qua
595 1711 689 1766 dilexit
703 1712 777 1768 Deus
792 1712 959 1768 mnndumin
974 1723 1102 1799 Bueram
1130 1708 1320 1780 poenitentiam
1356 1709 1510 1782 acquiritur.
1539 1710 1683 1766 Fundetur
1704 1711 1811 1783 sanguis

155 1817 237 1859 cruce
251 1808 360 1873 peracta
376 1807 427 1856 est.
440 1798 519 1867 Quod
533 1800 621 1856 calida
639 1821 649 1850 a
670 1799 826 1856 offerturia
845 1802 959 1857 odorem
1011 1797 1069 1866 ejus
1083 1813 1134 1868 per
1155 1814 1253 1871 gyrum
1270 1797 1372 1869 altaris,
1388 1806 1418 1853 ut
1431 1798 1485 1854 vita
1511 1798 1570 1868 ejus
1584 1799 1619 1854 ad
1635 1799 1811 1856 imitationem

158 1890 352 1948 suavissimum
376 1888 503 1957 Domino,
522 1910 533 1938 n
551 1888 579 1943 id
599 1888 719 1944 ostendit
742 1890 814 1960 quod
837 1906 888 1961 pro
906 1906 959 1946 no·
1010 1885 1112 1942 Christi
1139 1887 1247 1957 penitus
1274 1886 1428 1943 inclinetur.
1450 1887 1491 1943 lie
1519 1887 1607 1944 cauda
1627 1893 1656 1945 et
1676 1888 1810 1945 intestinis

157 1988 214 2038 stra
237 1994 337 2051 passus
364 1977 522 2042 dilectione,
549 1993 649 2033 «nunc
670 1986 782 2049 apparet
802 1979 888 2035 vultui
909 1973 960 2035 Dei
1009 1991 1090 2046 supra
1105 1975 1272 2042 dictumest,
1289 1975 1460 2032 similitcrde
1476 1977 1609 2033 masculo·
1629 1999 1640 2026 ι
1659 1977 1702 2033 lid
1718 1993 1809 2034 saeer-

161 2084 214 2142 pro
228 2068 318 2134 nobis,
342 2074 371 2122 nt
399 2066 432 2121 sit
459 2065 615 2138 propitiatio
643 2075 736 2121 uostra
759 2067 850 2137 (liebr.
873 2068 956 2140 tx).»
1009 2063 1099 2119 dotem
1115 2063 1161 2136 qui
1175 2079 1237 2119 eam
1261 2063 1387 2120 obtulerit
1401 2063 1557 2135 pertinebit.
1574 2087 1585 2114 ι
1603 2065 1648 2120 ld
1663 2064 1808 2134 Christum,

158 2169 326 2227 «Sacerdos
350 2167 396 2240 qui
424 2167 494 2240 patri
520 2168 583 2237 jure
606 2168 777 2224 successerit.
805 2169 959 2226 »Christus
1009 2152 1810 2228 ‘1¹11⁸0Obulliillffl¹¹0bistperiinei⁸⁰²i⁰¹¹⁰⁵¹ffi¹¹¹l³²i

154 2259 290 2317 successit
304 2254 444 2329 pontificio
458 2255 550 2328 legali,
567 2266 594 2312 et
606 2257 765 2329 evangelica
790 2266 958 2314 sacramenta
1008 2256 1070 2297 eum
1084 2255 1135 2297 ¹¹0⁸
1149 2241 1256 2297 leniam
1268 2241 1459 2314 imiimi(uros
1469 2258 1622 2313 speramus·
1636 2266 1647 2293 ¹
1661 2242 1806 2313 secem,

153 2347 282 2423 legalium
293 2344 375 2402 cultui
384 2344 563 2401 victimarum.
577 2367 587 2395 a
602 2344 690 2401 Omne
701 2345 775 2401 enirn
786 2346 958 2403 sacerdotum
1008 2329 1054 2402 (lUi
1067 2328 1146 2385 ⁰ffel²
1160 2329 1308 2385 h⁰l⁰⁰³¹¹⁵ii
1324 2330 1458 2386 Vltimam
1473 2331 1584 2387 habebit
1595 2331 1698 2402 pellem
1713 2332 1805 2402 eim-⁸

155 2435 321 2494 sacrificium
336 2434 400 2507 igne
417 2435 596 2500 consumitur,
609 2449 660 2491 nec
676 2435 820 2507 quisquam
835 2435 960 2492 comedet
1008 2426 1089 2483 Pellis
1104 2427 1264 2483 exteriorem
1279 2427 1457 2484 substantiam
1484 2427 1631 2501 signifieat.
1649 2446 1711 2502 (111ae
1727 2429 1805 2486 Chri·

151 2541 269 2584 exeo.»
296 2522 418 2579 Christus
434 2523 516 2589 euim,
534 2539 595 2580 cum
620 2523 655 2578 sit
670 2524 744 2579 Deus
760 2532 786 2580 et
800 2525 891 2600 horno,
908 2539 957 2596 pro
1008 2523 1060 2585 sto,
1077 2515 1105 2571 id
1119 2523 1161 2572 est
1179 2515 1309 2572 membris
1338 2517 1406 2585 ejus,
1429 2517 1457 2570 iu
1473 2517 1648 2589 eleemosyna
1663 2518 1805 2592 largienda

151 2621 243 2673 nostra
258 2613 345 2669 salute
360 2619 440 2667 natus
458 2620 485 2668 et
501 2628 610 2684 passus,
636 2613 762 2669 humanae
777 2613 958 2685 separationis
1008 2612 1058 2674 est,
1074 2614 1103 2660 ut
1118 2605 1159 2661 sic
1178 2604 1333 2689 perhciatur
1352 2604 1520 2675 poenitentia.
1535 2606 1671 2662 Dominus
1684 2623 1803 2680 namque

154 2703 320 2761 discretione
343 2716 399 2758 uon
422 2700 503 2757 debet
517 2701 656 2773 separari,
676 2702 724 2756 scd
739 2701 847 2775 integre
868 2702 958 2760 omnis
1006 2693 1095 2750 dicit:
1114 2716 1125 2744 r
1142 2692 1269 2763 Quandiu
1283 2693 1385 2751 lecistis
1399 2693 1445 2749 uni
1459 2694 1494 2750 de
1507 2694 1628 2750 minimis
1643 2694 1725 2765 meis,
1742 2697 1807 2753 mihi

153 2791 320 2865 dispensatio
334 2790 532 2847 incarnationis
547 2790 605 2860 ejus
618 2789 733 2860 Spiritus
755 2791 842 2846 sancti
856 2800 898 2847 est
907 2806 957 2848 co·
1006 2781 1109 2839 feeissiis
1123 2783 1234 2855 (isaim-
1251 2782 1333 2855 mi
1349 2805 1359 2832 l
1373 2805 1384 2832 ‘¹
1397 2781 1694 2840 Ei⁰m¹¹e⁵⁸⁰fffi⁰i11m
1709 2784 1804 2842 Simile

155 2880 270 2956 gnitioni
285 2879 502 2936 commendanda
517 2885 544 2933 et
556 2877 610 2934 fide
633 2878 739 2934 sincera
758 2879 885 2936 tenenda.
904 2881 957 2936 «ln
1006 2872 1080 2945 quod
1094 2872 1218 2944 coquitur
1238 2872 1266 2927 in
1288 2871 1407 2941 clibano,
1426 2894 1437 2923 ι
1454 2881 1507 2930 eta.
1525 2872 1612 2930 idest
1634 2873 1728 2930 omnis
1739 2875 1806 2932 ratio

153 2968 215 3027 loco
244 2969 292 3025 ubi
317 2967 431 3024 offertur
454 2967 661 3034 holocaustum,
680 2967 836 3023 immolatur
853 2968 958 3025 sacrifi-
1006 2969 1042 3028 de
1055 2968 1285 3042 incorporatione,
1306 2971 1350 3027 vel
1371 2969 1508 3042 passione,
1532 2970 1575 3027 vel
1600 2980 1691 3028 morte
1705 2972 1805 3029 Christi

150 3057 223 3115 cium
236 3073 287 3130 pro
313 3065 437 3128 peccato,
457 3055 546 3128 »quia
568 3054 670 3111 tructus
687 3056 765 3111 bonae
786 3057 953 3127 poeuitentiae
1005 3059 1059 3132 ipsi
1082 3059 1296 3126 commendetur,
1326 3074 1378 3115 neo
1405 3058 1440 3116 de
1467 3058 1511 3115 his
1538 3067 1645 3117 temere
1657 3061 1803 3118 sentiatur.

150 3147 317 3203 adsaneturn
327 3144 505 3216 perfectionis
515 3143 766 3200 sanctorumducit:
778 3144 955 3206 Petmsnam
1007 3170 1018 3199 a
1036 3148 1099 3205 Sive
1107 3149 1168 3205 oleo
1176 3164 1334 3220 conspersa,
1350 3147 1410 3204 sive
1420 3147 1505 3218 arida,
1519 3169 1530 3197 r
1547 3148 1641 3217 idest,
1659 3149 1685 3206 si
1699 3150 1761 3222 ejus
1772 3150 1804 3206 sit

150 3250 204 3309 que
226 3243 254 3290 et
271 3233 368 3299 David,
391 3241 418 3288 et
442 3231 534 3288 caeteri
557 3232 654 3302 sancti,
670 3216 733 3303 post
747 3233 853 3305 lapsum
863 3237 954 3306 poeni-
1003 3237 1140 3305 scientim,
1163 3237 1209 3309 qui
1238 3236 1392 3309 placiditate
1415 3235 1576 3309 eloquentiae
1595 3237 1749 3310 redundet,
1764 3239 1807 3296 rel

149 3330 248 3388 tentes,
262 3322 409 3379 ereduntur
424 3320 453 3376 in
466 3320 583 3393 pristino
599 3320 704 3393 recepti
717 3320 836 3395 fastigio,
851 3332 878 3380 et
891 3324 953 3382 ideo
1002 3326 1047 3383 cui
1061 3327 1261 3399 eleemosynam
1285 3325 1403 3382 faciendi
1414 3325 1541 3398 suppedit
1555 3325 1687 3395 facultns;
1705 3327 1804 3385 sivein

152 3418 302 3469 «sanctum
323 3418 516 3477 sanctomm,»
547 3409 653 3466 dicitur.
678 3410 811 3467 Sacerdos
834 3414 954 3469 comedit
1001 3413 1149 3471 infirmiore
1170 3414 1205 3469 sit
1226 3414 1355 3483 scientia,
1373 3414 1420 3487 qui
1434 3414 1559 3471 tarditate
1580 3415 1732 3472 verborum
1746 3423 1804 3472 tor·

148 3499 267 3557 hostiam
290 3499 319 3555 in
334 3499 403 3555 atrio
419 3498 596 3555 tabernaculi.
620 3499 744 3554 Christus
759 3500 855 3573 recipit
863 3502 953 3573 poeni·
1001 3511 1064 3576 peat
1078 3503 1123 3562 vel
1137 3502 1711 3577 substantiasubsidiocareatlargiendae‚1
1729 3520 1803 3579 aequa

149 3590 261 3646 tentiam
274 3588 302 3644 in
317 3588 464 3645 Ecclesia:
478 3587 531 3643 nisi
548 3587 620 3642 enim
635 3588 695 3658 ipse
710 3589 844 3660 receperit
860 3599 886 3646 et
900 3607 952 3662 per
1000 3600 1091 3648 tamen
1112 3608 1240 3649 mensura
1262 3591 1398 3649 dividetur
1421 3608 1471 3664 per
1493 3592 1625 3664 singulos.
1653 3615 1664 3644 ι
1691 3592 1761 3663 Quia
1774 3593 1801 3650 in

147 3677 338 3734 remissionem
354 3692 436 3750 quam
451 3676 562 3733 contulit
583 3676 712 3743 remittat,
730 3693 785 3733 non
800 3678 852 3733 erit
874 3694 952 3736 acca·
999 3681 1153 3754 aequalitate
1167 3688 1194 3738 et
1215 3680 1316 3737 unitate
1338 3680 1404 3736 fidei
1418 3681 1518 3737 debent
1532 3696 1629 3737 omues
1644 3682 1801 3754 aequarint

147 3766 256 3838 ptabilis
274 3767 342 3822 Deo.
360 3789 370 3816 a
387 3764 528 3838 Quidquid
551 3764 672 3838 tetigerit
687 3765 745 3834 ejus
759 3781 867 3835 carnes,
884 3783 949 3822 san·
998 3770 1099 3826 Paulus
1114 3787 1199 3826 nuum
1220 3786 1315 3827 omnes
1335 3785 1434 3842 sapere
1456 3778 1483 3826 et
1497 3769 1615 3841 idipsum
1629 3770 1726 3828 dicere
1739 3772 1800 3828 hor-
1877 3787 1878 3791 ¹

147 3853 347 3912 ctificabitur.»
374 3853 546 3910 Poeuiteutiaa
558 3869 643 3925 opera
658 3854 837 3925 suntjeJunia,
847 3855 949 3928 vigiliae
998 3865 1068 3914 tatur
1081 3859 1198 3933 (Philip.
1215 3859 1257 3931 u).
1272 3881 1282 3910 a
1300 3860 1352 3914 Pro
1373 3859 1520 3931 gratiarum
1533 3859 1641 3916 actione
1658 3879 1671 3910 r
1689 3860 1798 3927 donum,

31 3996 36 4007 ,
82 3999 94 4017 ,
147 3950 175 4002 et
187 3944 304 4016 plurima
318 3943 381 4012 alia,
400 3960 460 4015 quae
484 3942 618 4015 quisquis,
634 3942 699 3999 licet
713 3951 790 3998 extra
803 3944 948 4002 discretio·
998 3948 1045 4020 qui
1059 3948 1240 4006 immensitate
1259 3955 1435 4019 peccatorum
1457 3963 1511 4004 uon
1535 3947 1643 4019 cogitur
1662 3949 1798 4021 poeuiteri,

146 4048 211 4089 nem
224 4031 365 4104 poenitenti
388 4031 481 4098 cessit,
505 4030 609 4098 iecerit,
626 4038 701 4086 certa
717 4031 845 4088 mercede
860 4032 947 4089 doua—
997 4038 1047 4093 sed
1062 4053 1113 4109 pro
1126 4037 1223 4093 collata
1237 4036 1289 4092 sibi
1305 4037 1395 4093 divina
1409 4036 1600 4093 misericordia
1613 4038 1719 4111 gratias
1733 4038 1797 4113 agit.

147 4120 231 4188 bitur,
246 4120 316 4177 sicut
330 4120 416 4175 sancti
431 4135 504 4190 saepe
519 4135 549 4175 se
568 4118 608 4175 sie
622 4119 767 4190 castigant,
780 4120 948 4192 quasimaxi·
997 4120 1082 4178 Offert
1100 4138 1185 4194 panes
1207 4137 1373 4193 conspersos
1395 4120 1468 4190 olco,
1484 4121 1512 4176 id
1529 4128 1571 4177 est
1584 4120 1739 4180 doctrinam
1754 4138 1797 4180 se·

147 4209 199 4265 mis
222 4209 276 4265 sint
296 4207 410 4265 involuti
434 4207 563 4280 peccatis.
589 4228 600 4256 ι
627 4207 655 4263 Si
677 4208 712 4262 de
733 4208 865 4282 sanguiue
887 4210 945 4280 ejus
996 4210 1086 4283 quitur
1120 4211 1227 4265 Patmm
1261 4211 1331 4267 Novi
1353 4209 1529 4267 Testamenti.
1546 4207 1634 4265 Offert
1662 4219 1688 4266 et
1704 4210 1797 4286 lagana

147 4297 321 4356 vestisiucrit
340 4313 459 4369 aspersa,
479 4317 489 4346 a
508 4304 560 4352 ete.
578 4296 610 4352 ld
624 4303 675 4363 est,
691 4313 706 4351 e
721 4296 775 4352 vita
788 4298 945 4369 poenitentia
995 4314 1088 4371 azyma
1114 4300 1175 4355 oleo
1198 4299 1264 4367 lita,
1280 4298 1308 4353 id
1321 4305 1363 4354 est
1376 4297 1541 4354 intellectum
1567 4299 1678 4354 Patmm
1694 4300 1797 4357 Veteris

148 4388 298 4444 substantia
313 4387 372 4457 ejus
387 4385 510 4458 eorporis
520 4385 706 4452 maculabitur,
717 4401 768 4457 per
782 4386 944 4457 baptismum
991 4387 1177 4444 instrumenti.
1199 4387 1284 4456 hlajus
1301 4395 1343 4443 est
1367 4394 1456 4443 autem
1471 4386 1619 4459 conspergi
1635 4403 1720 4459 quam
1733 4388 1795 4462 ungi

112 4486 122 4499 ¹
147 4477 219 4550 quod
233 4477 261 4532 in
276 4476 400 4533 Ecclesia
415 4475 534 4546 suscepit
548 4474 628 4529 debet
637 4490 714 4544 spem
722 4475 825 4531 habere
835 4458 981 4533 electio·D
995 4477 1066 4544 oleo,
1084 4477 1146 4550 quia
1168 4477 1309 4532 veritatem
1324 4476 1369 4531 isti
1391 4476 1541 4547 praedicant
1564 4491 1661 4531 eorum
1685 4494 1746 4550 quae
1760 4477 1796 4532 illi

146 4566 200 4622 nis.
215 4566 276 4623 Nisi
292 4566 364 4622 euim
379 4565 454 4636 prius
462 4572 535 4621 recte
543 4563 624 4619 luerit
633 4563 793 4634 baptizatus,
807 4565 946 4636 poeniten·
995 4574 1108 4621 ventura
1124 4565 1307 4622 somniabant.
1329 4565 1479 4637 Collyridas
1493 4563 1581 4631 offert,
1597 4564 1625 4620 id
1642 4573 1685 4621 est
1700 4566 1796 4623 doctri·

147 4655 185 4710 tia
200 4669 255 4709 non
279 4654 331 4710 erit
353 4653 521 4710 emendatus.
552 4653 604 4707 Per
637 4652 800 4724 baptismum
827 4654 945 4710 enimet
994 4670 1056 4710 uam
1071 4655 1291 4722 orthodoxorum,
1316 4670 1431 4726 quorum
1446 4654 1539 4709 labore
1549 4653 1634 4710 libros
1649 4656 1795 4713 canonicos

145 4743 282 4816 praeterita
296 4742 468 4798 dimittuntur
483 4742 558 4798 etde
573 4740 680 4806 suturis,
705 4743 945 4814 praecedentepce-
994 4743 1180 4815 intelligimus.
1204 4745 1268 4800 llaec
1287 4743 1378 4799 omnia
1393 4743 1452 4799 siue
1474 4741 1618 4810 fermento,
1638 4742 1667 4798 id
1682 4744 1795 4800 estsine

145 4832 267 4900 nitentia,
277 4831 444 4904 indulgentia
458 4831 721 4903 praeparatur.aVas
729 4838 819 4886 autem
828 4830 944 4888 fictilein
993 4841 1089 4897 afienae
1102 4841 1280 4898 amaritudine
1300 4841 1440 4898 doctrinae,
1466 4839 1551 4896 offert
1571 4855 1658 4910 panes
1677 4841 1794 4900 fel-men.

147 4935 201 4992 quo
216 4930 293 4978 cocta
307 4930 349 4977 est
371 4920 568 4993 confringetur.
594 4941 605 4969 s
624 4919 653 4976 Si
676 4927 738 4991 post
754 4921 944 4977 remissionem
993 4937 1072 5000 catos,
1095 4931 1123 4986 id
1142 4938 1182 4986 est
1206 4928 1271 4986 fidei
1293 4929 1469 4986 firmitatem,
1488 4930 1557 4984 Nam
1575 4937 1602 4984 et
1631 4928 1793 4988 fermentum

146 5023 198 5080 per
215 5010 404 5079 poenitentiam
424 5025 583 5066 concessam
606 5007 747 5079 fragilibus
768 5024 799 5065 se
813 5010 943 5082 operibus
992 5018 1074 5076 fidem
1090 5019 1236 5093 significat,
1252 5028 1281 5075 ut
1294 5020 1425 5077 Dominus
1440 5020 1475 5074 de
1489 5017 1604 5073 muliere
1618 5016 1793 5078 farinamfgp.

145 5095 344 5166 infixerit,J‘am
365 5098 473 5154 Demissi
491 5097 592 5167 judieiO
615 5097 706 5152 iiffleei
720 5114 750 5153 Se
764 5098 940 5168 puniendum·
992 5117 1129 5167 mentante
1160 5111 1234 5167 dicit.
1251 5112 1326 5166 Unus
1340 5110 1369 5166 in
1391 5107 1518 5181 primitiis
1541 5105 1658 5163 offertur
1680 5109 1745 5167 dum
1765 5110 1793 5167 in

147 5185 202 5242 Vas
217 5200 284 5259 ergo
299 5202 403 5242 aeneum
426 5186 574 5243 defricatur
588 5193 615 5241 et
635 5203 705 5259 aqua
719 5185 832 5258 lavatur,
849 5187 875 5242 id
890 5197 940 5259 est,
992 5199 1092 5255 anime
1108 5198 1172 5256 fidei
1186 5216 1268 5257 omne
1283 5216 1353 5272 0pus
1375 5199 1477 5255 honum
1492 5195 1647 5253 inchoatur,
1667 5220 1679 5249 .
1695 5201 1731 5256 Eg
1744 5200 1793 5257 θήῃ

145 5274 170 5333 ai
197 5274 226 5330 iu
255 5272 390 5330 soliditate
412 5274 515 5330 virtutis
544 5281 571 5330 ct
598 5275 755 5331 constantiae
782 5276 939 5347 perstiterit,
992 5289 1140 5346 sacerdotis
1155 5290 1201 5362 qui
1226 5289 1321 5346 sunder
1343 5288 1439 5345 hostire
1460 5286 1664 5358 sanguinem»
1690 5289 1793 5362 quiaei

146 5365 212 5440 58⁰0
232 5362 350 5437 Spfflilss
372 5363 456 5418 santii
478 5370 505 5418 ei
526 5365 734 5434 ⁰0¹¹¹P1¹110150¹¹0
761 5363 941 5438 lacrimarum
990 5376 1058 5434 fides
1073 5379 1225 5435 exhibenda
1248 5388 1289 5434 est
1309 5395 1358 5450 per
1374 5393 1455 5450 quem
1470 5373 1570 5433 oblatio
1588 5376 1729 5435 servitutis
1743 5395 1793 5437 no·

144 5453 327 5511 medebitur·
357 5451 453 5508 Omnis
480 5452 631 5520 masculus,
650 5462 678 5509 ¹¹1
701 5469 794 5524 supra.
820 5455 941 5511 “HOSiie
991 5476 1054 5523 strae
1068 5468 1139 5523 Patri
1154 5477 1195 5523 est
1217 5468 1420 5540 praesentanda.
1448 5466 1559 5536 «Cujus
1582 5483 1682 5525 carnes
1697 5469 1792 5525 eadem

151 5553 223 5610 enim
245 5568 307 5627 quae
329 5551 442 5610 caditur
461 5565 510 5623 pro
531 5557 658 5622 peccato,
675 5574 686 5600 a
702 5560 754 5608 etc.
772 5551 941 5610 llicvidetur
990 5557 1035 5612 die
1045 5558 1228 5624 comedentur,
1244 5579 1254 5606 ι»
1268 5557 1329 5630 quia
1345 5558 1372 5613 iu
1388 5557 1438 5614 hac
1448 5557 1504 5614 vita
1525 5574 1638 5616 omnem
1651 5558 1718 5616 fidei
1734 5575 1793 5632 per-

146 5640 236 5701 dicere
261 5641 297 5702 de
322 5641 407 5702 vitulo
435 5655 516 5715 quem
544 5653 628 5712 supra
653 5655 703 5713 pro
722 5648 835 5714 peccato
848 5639 940 5699 offerri
989 5643 1135 5704 lectionem
1153 5645 1289 5718 passionis
1311 5645 1411 5703 Christi
1442 5662 1552 5706 serrare
1573 5647 1710 5706 debemus
1724 5647 1794 5706 etin
