3772 6112
89 220 144 274 stt
708 220 756 279 DE
784 219 1028 280 SUDVERSIONE
1055 220 1274 283 inaestuant.
1693 227 1745 286 966

89 342 186 400 saculi
200 342 371 400 consiliarios
385 358 414 400 1n
428 343 620 402 domesticiset
630 345 780 404 liberortun
794 349 890 421 pada-
904 350 934 412 Α
943 348 1144 421 toleratoribus,
1159 359 1255 408 cuncta
1269 350 1422 408 insecteris
1449 368 1457 407 ε
1482 358 1511 408 ut
1531 367 1588 409 non
1611 353 1646 409 sit
1668 353 1744 412 schi-

89 446 182 505 gogos
195 447 319 499 snomm,
336 433 438 492 habent
451 434 504 506 ipsi
519 443 710 507 procuratores
726 437 765 496 rei
779 436 892 494 familia·
942 455 1000 495 sma
1015 439 1184 512 incorpore,
1200 439 1249 496 sed
1265 440 1287 496 si
1310 440 1448 513 gloriatur
1471 457 1555 498 unam
1580 442 1741 511 membmm,

88 520 127 577 ris
145 537 153 576 ε
170 520 296 578 similiter
310 521 338 578 in
352 522 514 595 quibusdam
525 524 656 582 Ecclesiis
673 525 889 595 archidiaconos,
941 529 1129 603 congaudeant
1144 530 1233 586 omnia
1248 529 1372 586 membra
1388 547 1396 595 ς
1412 530 1436 586 si
1451 531 1628 588 contristatur
1648 547 1741 601 unum

87 624 159 682 quos
172 608 283 667 familiae
298 611 411 683 respicit
425 609 597 684 gubernatio.
611 613 681 670 Sunt
695 615 722 670 in
751 615 891 674 secuturi·
941 626 1037 674 cuncta
1052 616 1224 676 condoleant.
1243 619 1295 674 lsta
1312 618 1503 676 convenientia
1528 637 1561 677 eo
1589 637 1677 696 usque
1699 628 1743 678 te·

86 697 141 755 bns
154 700 352 771 quastionarii,
367 701 452 758 idest
467 702 513 774 qui
528 694 591 759 reos
604 704 775 771 examinant,-
788 714 849 761 sunt
863 705 891 760 in
940 706 1032 763 nenda
1045 715 1095 776 est,
1111 708 1199 765 donee
1214 722 1391 766 occurramus
1407 724 1503 765 omncs
1518 709 1649 767 invirum
1679 724 1743 783 pcr-

85 786 214 845 Ecclesia
234 788 388 857 exorcista,
412 790 566 848 daemonum
588 791 756 849 exclusores.
783 795 891 851 Habent
939 794 1050 866 lectum,
1068 803 1096 852 ut
1112 796 1146 852 sit
1161 798 1234 853 Deus
1248 797 1338 853 omnia
1354 797 1382 853 in
1394 798 1520 855 omnibus
1534 799 1561 872 (l
1572 800 1633 857 Cor.
1650 799 1703 873 ιιι).

84 875 156 933 sulm
169 877 321 948 potentium
332 873 609 948 janitores,babet'et
625 881 723 937 domus
738 882 788 938 Dei
803 882 889 939 ostia·
1240 908 1246 913 ·

82 965 151 1021 rios.
163 966 252 1022 Habet
261 967 380 1023 mundus
388 969 557 1036 veredarios,
566 970 836 1037 commentarienses,
848 972 890 1026 lu·
1153 938 1352 997 CONCLUSlO
1382 941 1525 1053 Lfflssm·

82 1054 182 1110 dorum
196 1055 373 1121 exhibitores,
388 1057 529 1113 caminum
544 1059 715 1129 pompaticos
738 1060 888 1127 relatores;
975 1062 1058 1121 Gravi
1079 1063 1200 1135 pondere
1230 1064 1342 1121 tandem
1364 1065 1480 1136 solutus,
1506 1073 1533 1121 et
1555 1065 1658 1123 utinam
1685 1074 1742 1124 mm

81 1143 166 1199 babet
178 1143 303 1200 Ecclesia
318 1144 470 1217 acolythos,
488 1146 615 1211 lectores,
643 1156 769 1205 cantores
807 1158 889 1222 atque
938 1150 1113 1223 profectuoso
1128 1169 1209 1224 quam
1223 1169 1334 1227 magno,
1359 1153 1388 1208 iu
1413 1153 1467 1210 fine
1503 1154 1687 1212 conclusionis
1701 1154 1741 1213 le·

80 1232 249 1303 psalmistas.
266 1233 400 1291 Caeterum
415 1251 448 1290 ex
470 1236 612 1308 utriusque
635 1237 738 1293 ordinis
771 1238 888 1307 conjun·
938 1248 1026 1299 olores
1048 1242 1169 1298 obtestor
1186 1258 1220 1298 ne
1245 1243 1317 1314 quod
1344 1243 1501 1299 obedientia
1525 1244 1606 1313 subii,
1627 1244 1674 1300 isti
1688 1245 1739 1303 tri·

81 1321 175 1378 ctione
196 1330 222 1378 et
241 1322 388 1379 dilectione
410 1340 463 1380 una
496 1324 593 1380 domus
626 1325 676 1381 Dei
709 1327 885 1395 construitur,
937 1328 1021 1385 buant
1034 1331 1187 1388 temerariae
1200 1331 1416 1402 praesumptioni.
1433 1333 1531 1388 Fateor
1552 1333 1624 1390 enim
1633 1348 1740 1392 mencc

80 1425 167 1465 unum
182 1424 281 1482 corpus
295 1411 395 1467 Christi
410 1411 532 1479 efficitur,
549 1414 655 1471 cunetis
668 1414 799 1471 membris
822 1413 884 1471 offi-
938 1419 1075 1489 reperisse
1089 1428 1195 1488 cuncta,
1214 1435 1274 1491 quae
1289 1419 1441 1476 dilucidare
1452 1420 1552 1492 cupivi,
1572 1437 1625 1478 nec
1639 1429 1738 1479 cuncta

81 1498 187 1556 ciorum
202 1514 311 1556 suorum
325 1499 429 1557 imatus
437 1509 537 1556 mutuae
548 1502 655 1558 utilitati
664 1502 885 1573 conferentibus3
937 1506 1062 1577 posuisse
1090 1524 1152 1580 quae
1162 1507 1251 1579 reperi
1276 1526 1283 1564 :
1307 1524 1371 1565 cum
1395 1516 1421 1564 et
1455 1526 1548 1566 rerum
1578 1509 1738 1583 magnitudo

80 1586 148 1644 dum
161 1588 258 1645 oculus
281 1597 323 1644 est
348 1590 375 1644 in
398 1590 576 1662 sapientibus,
602 1591 649 1663 qui
672 1607 766 1648 versm
798 1584 886 1649 luceia
936 1595 1041 1651 sciendi
1064 1594 1238 1668 cupiditatem
1266 1597 1453 1667 succenderet,
1488 1605 1516 1654 et
1550 1598 1738 1655 diversitatum

79 1675 233 1748 percipiunt
248 1685 275 1734 et
289 1677 427 1734 insinuant
437 1699 451 1750 ;¹
461 1694 492 1736 os
515 1680 543 1734 in
568 1680 735 1751 doctoribus,
759 1681 833 1737 auris
857 1681 885 1736 in
899 1717 926 1780 Β
939 1683 1062 1741 conlusio
1073 1684 1173 1740 fastidii
1184 1685 1353 1741 nimietatem
1364 1686 1511 1758 praeberet.
1528 1687 1738 1744 Habebittamen

79 1761 222 1824 benevolis
235 1767 415 1834 auditoribus,
432 1784 516 1824 nasas
530 1768 559 1824 iu
583 1769 754 1826 discretionis
783 1777 884 1826 amato·
936 1772 965 1827 in
980 1772 1022 1827 his
1036 1772 1144 1829 lectoris
1159 1773 1212 1829 mei
1227 1773 1337 1830 curiosa
1353 1775 1496 1849 vestigatio
1518 1783 1546 1831 et
1567 1775 1591 1831 si
1609 1792 1665 1832 non
1687 1791 1737 1833 co·

79 1854 169 1924 ribus,
186 1870 284 1911 manus
307 1856 336 1912 in
355 1856 551 1927 operatoribus,
575 1859 660 1929 pedes
683 1859 710 1914 in
733 1857 885 1930 prolicien·
935 1861 1009 1933 piam
1032 1862 1164 1918 satietatis
1187 1879 1240 1934 qua
1264 1862 1424 1930 delectetur,
1448 1864 1666 1937 qualemcunque
1689 1873 1733 1920 ta·
1839 1870 1845 1877 ”

78 1942 163 2015 tibus,
178 1952 274 2001 venter
287 1945 316 2001 in
330 1946 567 2018 compatientibus,
585 1947 692 2004 humeri
707 1947 735 2003 in
758 1948 885 2005 laborum
934 1966 997 2006 men
1013 1965 1123 2008 causam
1149 1950 1343 2023 inquisitionis,
1368 1967 1423 2023 qua
1445 1952 1544 2008 melius
1566 1960 1735 2012 exerceatur.

521 2210 998 2347 wtttftttbt
1057 2211 1361 2347 stabat

718 2402 914 2461 FULDENSIS
931 2401 1094 2459 northern

202 2533 334 2663 DE
373 2532 997 2670 SUBVERSIONE
1036 2533 1597 2668 JERUSALEM.

564 2725 763 2820 suane,
791 2748 856 2800 seu
889 2725 1222 2801 reserares

420 2874 511 2947 (apud
535 2874 683 2947 Canisiam,
712 2875 856 2934 Lectiones
883 2875 1012 2948 antiquae,
1041 2883 1106 2931 tom.
1137 2876 1170 2942 ll,
1196 2890 1260 2949 pag.
1290 2878 1367 2946 att.)

111 3080 252 3152 Quantum
264 3082 397 3139 Dominus
411 3081 582 3154 omnipotens
592 3082 627 3137 de
646 3082 770 3153 proiectu
792 3081 880 3138 homi·
895 3081 1010 3144 Gdoeet
1025 3082 1131 3154 peritia,
1146 3098 1294 3154 perquem
1311 3081 1453 3152 Scriptura
1471 3081 1633 3155 plerumque
1656 3082 1734 3158 loqui

75 3187 142 3228 num
160 3171 287 3245 gaudeat,
304 3180 468 3243 quantumve
490 3171 525 3226 de
548 3171 657 3227 illorum
678 3171 755 3225 ruina
778 3171 879 3227 condo
928 3170 1054 3237 videtur;
1071 3171 1174 3228 scilicet
1189 3187 1238 3242 per
1262 3169 1456 3226 inhabitantem
1474 3170 1671 3246 [inhabitatum]
1695 3172 1730 3228 ad

74 3258 140 3330 leat,
164 3276 197 3316 ex
222 3260 311 3316 multis
335 3260 402 3316 locis
427 3260 575 3331 Scriptura
608 3274 705 3330 sacrae,
737 3258 876 3331 praecipue
927 3258 1082 3329 habitatam,
1098 3276 1150 3330 per
1164 3259 1355 3315 irrationalem
1369 3259 1404 3314 ad
1418 3259 1587 3329 rationalem,
1603 3277 1653 3333 per
1669 3261 1729 3318 ina·

72 3356 167 3404 tamen
189 3365 222 3404 ex
242 3349 370 3421 prasenti
393 3348 510 3405 lectione
527 3364 697 3421 cognoscere
720 3363 873 3418 possumus.
926 3347 1056 3403 nimalem
1070 3348 1104 3402 ad
1119 3348 1276 3406 animalem.
1293 3348 1456 3405 Omittamus
1480 3358 1588 3418 catera,
1613 3349 1753 3409 dicendo·

71 3437 198 3510 Denique
212 3453 274 3494 cum
288 3437 375 3493 ludaei
391 3437 489 3494 vellent
517 3437 566 3493 Dei
589 3437 686 3492 Filium
708 3434 873 3504 interlicere,
925 3436 960 3491 de
974 3437 1157 3508 praesentibus
1183 3453 1258 3508 :per
1296 3437 1493 3494 inhabitantem
1529 3438 1729 3513 {inhabitatum}

70 3534 98 3582 et
121 3527 157 3581 de
175 3527 233 3596 ejus
253 3526 360 3582 interitu
383 3533 542 3592 tmctarent,
567 3525 625 3598 ipse
655 3533 683 3581 ut
714 3525 774 3596 pius
798 3532 875 3595 pater
932 3525 965 3579 ad
976 3525 1153 3593 habitantem,
1171 3526 1240 3582 sicut
1269 3525 1322 3581 hoc
1349 3525 1377 3580 in
1401 3526 1485 3594 loco;
1514 3536 1541 3583 et
1568 3529 1638 3585 sicut
1664 3528 1729 3585 alibi

73 3630 171 3671 eorum
185 3614 365 3687 perditionem
380 3615 508 3671 dellebat.
525 3616 595 3669 Nam
610 3630 670 3670 cum
686 3614 818 3670 Dominus
827 3614 876 3669 lu·
925 3614 1057 3669 Dominus
1071 3614 1138 3670 dicit
1154 3631 1160 3668 :
1181 3636 1192 3664 ι
1211 3614 1388 3680 Hierusalem,
1406 3631 1467 3686 quae
1481 3616 1584 3672 occidis
1610 3618 1728 3688 propbe-

71 3704 147 3761 daeos
162 3721 192 3760 se
207 3713 360 3777 quaerentes
377 3703 533 3760 interficere
548 3703 628 3759 dellet
642 3704 733 3774 patulo
755 3703 875 3759 ostendit
924 3708 975 3771 tas,
992 3702 1184 3774 etlapidaseos
1207 3703 1325 3775 quiadtc
1335 3703 1412 3757 missi
1423 3703 1603 3774 suntlllutth.
1613 3706 1725 3776 ιιιιιιι).ι

71 3800 206 3865 quantum
221 3793 255 3849 de
265 3792 389 3864 proiectu
404 3793 513 3848 humani
534 3792 646 3864 generis
669 3793 799 3865 gaudeat,
826 3792 873 3863 qui
925 3792 999 3847 Sicut
1013 3792 1085 3848 cuim
1101 3792 1146 3861 ibi,
1163 3792 1200 3847 ita
1209 3800 1236 3848 et
1245 3792 1299 3858 hic,
1312 3808 1367 3848 non
1375 3808 1458 3864 snper
1467 3793 1639 3849 Hierusalem
1653 3792 1726 3850 tievit

69 3887 134 3938 tune
151 3882 185 3937 de
200 3881 290 3937 lutura
305 3882 386 3953 longe
400 3889 462 3953 post
490 3896 558 3938 nece
577 3881 735 3937 ludaeorum
751 3880 871 3936 dolebat.
924 3880 972 3936 sed
983 3882 1200 3952 perhabitatores
1211 3881 1335 3950 ejusdem
1354 3881 1481 3947 civitatis,
1501 3881 1600 3953 quibus
1617 3882 1726 3939 silente

70 3970 170 4026 Narrat
186 3972 312 4047 superius
328 3971 470 4044 Evangelii
485 3979 574 4027 textus
589 3970 726 4042 quomodo
751 3969 801 4026 Dei
825 3969 871 4024 Fi·
923 3969 1040 4026 Domino
1053 3970 1153 4026 dieitur
1169 3988 1176 4025 :
1195 3993 1206 4022 ι
1223 3970 1293 4039 Quia
1301 3970 1324 4025 si
1331 3970 1541 4044 cognovisseset
1551 3978 1589 4039 tu,
1604 3971 1725 4027 »subau-

67 4058 121 4115 lius
136 4060 241 4116 miserit
255 4060 390 4132 dicipulos
403 4076 455 4132 pro
468 4061 542 4131 pullo
570 4060 662 4126 asina,
685 4059 728 4116 cui
751 4058 872 4114 insidens
923 4058 1004 4128 ditur,
1022 4059 1113 4116 lleres.
1134 4079 1143 4112 ι
1163 4061 1198 4114 Ht
1212 4059 1322 4131 quidem
1338 4060 1365 4114 iu
1388 4061 1438 4116 hac
1458 4059 1502 4117 die
1525 4068 1582 4127 tua,
1607 4077 1669 4133 qnae
1690 4060 1726 4116 ad

69 4148 244 4205 Hierusalem
259 4148 375 4216 venerit,
398 4149 507 4222 quando
521 4157 661 4220 cuperant
676 4164 772 4204 omues
786 4149 872 4203 turbae
922 4162 1018 4219 pacem
1032 4148 1090 4214 tibi,
1108 4164 1179 4205 nunc
1194 4155 1284 4204 autem
1306 4148 1466 4206 abscondita
1487 4157 1549 4204 sunt
1572 4149 1606 4204 ab
1637 4148 1726 4206 oculis

70 4236 298 4295 descendentium
321 4238 473 4312 gaudentes
504 4238 616 4293 laudare
640 4237 785 4294 Dominum
804 4252 871 4294 voce
921 4236 1154 4307 tomacellis).
1175 4258 1186 4286 ι
1205 4238 1234 4291 ln
1250 4237 1376 4294 dieenim
1393 4253 1444 4294 sus
1466 4252 1596 4309 perversa
1618 4237 1724 4306 civitas,

67 4341 179 4399 magna,
197 4343 279 4399 super
291 4327 416 4383 omnibus
431 4344 498 4399 quas
512 4327 634 4382 videraut
658 4326 801 4382 virtutibus
826 4326 870 4382 di-
922 4340 964 4390 ea,
981 4341 1042 4397 qnae
1053 4326 1086 4380 ad
1102 4341 1199 4397 pacem
1213 4326 1264 4381 sibi
1277 4335 1362 4394 erant,
1378 4326 1513 4394 habebat3
1524 4326 1594 4398 quia
1608 4325 1724 4383 extolle-

66 4424 162 4471 centes
177 4432 185 4470 ε
204 4437 215 4465 ι
233 4415 395 4471 Benedictus
410 4416 457 4488 qui
471 4415 544 4471 veuit
559 4417 616 4472 Rex
631 4415 782 4470 innomine
813 4416 910 4508 Do·D
927 4414 1007 4470 batur
1020 4415 1048 4468 in
1063 4415 1222 4481 honoribus,
1240 4414 1406 4488 gloriabatur
1420 4415 1447 4470 in
1469 4414 1649 4482 facultatibus,
1672 4414 1723 4472 lae·

65 4503 144 4570 mini,
161 4519 212 4575 pax
227 4503 254 4558 in
269 4504 340 4559 eoelo
354 4512 381 4560 et
396 4504 483 4577 gloria
498 4504 525 4559 iu
541 4504 657 4560 excelsis
671 4504 748 4574 (buc.
764 4504 837 4572 xrs).
857 4523 868 4552 ι
925 4503 1033 4558 tabatur
1047 4503 1075 4557 in
1102 4504 1212 4570 divitis,
1229 4504 1256 4558 in
1271 4503 1433 4559 abundantia
1446 4519 1546 4568 rerum,
1575 4504 1603 4559 in
1631 4503 1724 4560 iecuu·

64 4592 99 4647 Et
114 4592 226 4664 qnidam
241 4592 440 4649 Pharisaeorum
456 4592 581 4648 dixemnt
595 4593 629 4647 ad
644 4592 717 4647 illum
733 4609 739 4646 :
758 4613 769 4642 ι
811 4592 869 4647 Ha·
920 4592 1003 4649 ditate
1014 4591 1109 4663 prolis,
1135 4600 1161 4648 et
1177 4592 1205 4646 in
1214 4592 1330 4652 sanitate
1351 4607 1507 4663 corporum.
1525 4593 1559 4647 llt
1574 4591 1647 4665 quia,
1659 4607 1721 4664 quse

62 4678 158 4753 gister,
185 4681 298 4753 increpa
320 4681 469 4754 discipulos
494 4691 554 4738 tuos
583 4682 686 4754 (ibid).
717 4703 728 4731 ι
763 4679 870 4750 Quibus
922 4681 958 4736 ad
972 4696 1068 4752 pacem
1082 4688 1243 4752 praesentem
1258 4681 1439 4752 pertinebant,
1456 4680 1580 4748 babebat,
1604 4679 1723 4736 suturam

58 4768 120 4840 ipse
136 4769 172 4825 ait
189 4787 196 4826 :
216 4792 227 4820 ι
246 4771 313 4827 Dico
329 4772 417 4841 vobis,
434 4772 498 4843 quia
513 4771 536 4827 si
551 4771 578 4825 hi
593 4770 734 4835 tacuerint,
765 4769 869 4842 lapides
921 4770 1008 4825 rixam
1021 4785 1076 4825 non
1102 4769 1277 4841 previdebat.
1308 4769 1385 4826 Unde
1414 4777 1440 4826 et
1469 4777 1541 4826 recte
1563 4769 1687 4825 subditur
1712 4784 1720 4825 ε

23 4920 29 4927 ,
61 4855 219 4914 clamabunt
233 4860 336 4932 (ibid).
355 4882 366 4909 ι
384 4862 462 4915 Juxta
484 4860 542 4917 haec
561 4860 644 4916 verba
662 4857 801 4931 subiungit
816 4859 868 4913 Lu·
924 4880 935 4909 ι
952 4859 1032 4915 Nunc
1040 4867 1130 4914 autem
1140 4859 1299 4914 abscondita
1307 4857 1512 4914 suutatocutis
1522 4857 1593 4930 tuis(
1608 4858 1717 4930 leid).-

62 4961 111 5004 cas
127 4948 294 5021 evangelista
313 4967 319 5003 :
338 4971 349 5000 ι
367 4949 401 5004 Ει
416 4959 446 5004 ut
460 4949 686 5021 appropinquavit
700 4947 779 5004 lesus
801 4948 868 5003 llic·
920 4948 1045 5003 Praesens
1070 4948 1170 5020 quippe
1193 4947 1326 5022 gaudium
1347 4947 1549 5007 tribulationem
1579 4944 1719 5004 afferebat.

59 5035 180 5092 msalem
195 5037 289 5093 videus
300 5037 447 5106 civitatem,
461 5037 533 5093 flevit
544 5054 627 5110 super
636 5037 721 5102 illam,
740 5036 833 5093 dicens
861 5055 868 5091 ε
920 5036 961 5092 De
976 5053 1028 5108 qua
1043 5037 1217 5094 tribulatione
1232 5047 1304 5093 recte
1320 5035 1486 5092 subinfertur
1502 5053 1509 5091 ε
1536 5058 1549 5082 ⁸
1572 5035 1642 5106 Quia
1667 5053 1718 5094 ve·
1823 5060 1831 5075 ·

59 5122 132 5195 Quia
147 5125 170 5180 si
185 5125 364 5200 cognovisses
380 5135 407 5183 et
422 5135 461 5193 tu,
479 5135 530 5182 etc.
544 5126 638 5199 (ibid.)
658 5147 669 5176 s
695 5125 866 5182 condolebat
922 5125 997 5181 nient
1013 5125 1114 5181 diesin
1130 5135 1166 5194 te,
1182 5136 1210 5183 et
1220 5126 1426 5193 circumdabunt
1440 5134 1466 5181 te
1476 5125 1578 5182 inimici
1589 5125 1626 5182 tui
1637 5126 1720 5193 vallo,

55 5213 191 5270 Dominus
205 5215 342 5272 interitum
358 5215 470 5287 persida
487 5215 616 5283 civitatis,
634 5231 714 5287 quem
725 5215 867 5271 nesciebat
919 5223 946 5270 et
961 5215 1170 5272 circumdabunt
1184 5224 1220 5282 te,
1237 5224 1264 5271 et
1277 5214 1348 5272 filios
1361 5224 1433 5286 tuos,
1444 5215 1490 5288 qui
1503 5214 1573 5271 inte
1597 5221 1668 5281 sunt,
1692 5222 1719 5271 et

60 5302 122 5375 ipsa
145 5302 197 5360 sibi
220 5321 283 5361 esse
308 5314 459 5360 venturum.
486 5306 547 5360 Non
583 5303 792 5360 existimandum
825 5311 867 5358 est
918 5303 1148 5376 nonrelinquant
1172 5304 1199 5359 in
1224 5312 1250 5360 te
1272 5304 1392 5375 lapidem
1414 5320 1497 5376 super
1525 5304 1652 5376 lapidem,
1684 5317 1718 5358 eo
1791 5317 1797 5327 ·

58 5392 134 5465 quod
149 5392 253 5450 lleverit
269 5393 400 5449 Dominus
415 5394 528 5465 pulchra
543 5393 644 5449 mannia
668 5392 794 5457 civitatis,
821 5399 865 5447 aut
917 5392 990 5464 quod
1005 5409 1059 5448 non
1074 5393 1239 5467 cognoveris
1254 5392 1539 5465 tempusvisitasionis
1550 5390 1717 5461 tuaellbid.)·

54 5480 173 5538 aedilicia
185 5498 334 5549 marorum,
351 5491 396 5539 aut
411 5483 568 5539 altitudines
599 5481 720 5548 turrium,
741 5480 791 5536 sed
814 5497 864 5553 per
952 5479 1075 5550 Qualiter
1088 5490 1177 5538 autem
1192 5485 1250 5539 hmo
1262 5483 1348 5541 verba
1368 5483 1447 5553 iuxta
1470 5482 1587 5537 litteram
1604 5478 1717 5550 impleta

50 5572 241 5642 metaphoram
261 5573 427 5630 habitatores
460 5573 543 5629 dellet
554 5571 680 5628 civitatis.
703 5572 753 5627 Est
773 5578 864 5626 autem
915 5569 978 5638 sint,
995 5570 1022 5625 iu
1037 5571 1213 5628 subversione
1228 5572 1351 5642 ejusdem
1365 5570 1480 5629 civitatis
1500 5577 1526 5624 et
1546 5566 1639 5640 populi
1665 5568 1716 5624 Jo-

53 5661 214 5734 metaphora
246 5670 348 5735 tropus,
382 5670 411 5720 ut
440 5662 601 5721 Graecorum
634 5676 667 5719 ac
708 5659 865 5720 Latinorum
913 5659 995 5731 deici,
1010 5661 1147 5735 vosepbus
1161 5661 1400 5737 historiographus
1414 5657 1530 5733 pleniter
1543 5662 1647 5729 narrat,
1667 5656 1714 5729 qui
