3772 6112
433 268 568 329 ocossu
585 267 790 329 erumnam.
805 293 840 312 ·-
853 264 988 350 numu.
1002 267 1080 327 cuc.
1397 276 1400 281 ¹
1590 273 1644 331 seo

80 414 114 458 ss
129 398 247 466 nostru,
264 401 293 456 et
304 397 458 455 memorati
473 399 648 464 testamenti,
666 402 717 451 ete.
733 394 788 452 Lo·
802 391 996 466 Agnoverunt
1019 409 1070 450 nos
1081 393 1173 468 angeli
1197 394 1272 451 cives
1294 409 1368 451 suos.
1388 395 1422 450 Et
1439 394 1515 452 timet
1530 396 1646 470 angelus

80 494 127 557 cat,
143 486 232 544 erexit
244 486 325 542 nobis
339 485 452 542 salutem
471 485 505 540 ad
528 483 680 542 iaciendum
702 482 789 538 mise-
839 481 1645 557 adorariabhumauanaturaquaminsuoregeconsidcrat.

80 576 145 644 iam,
161 576 191 631 ut
204 574 422 632 misericordiam
445 589 527 646 quam
545 573 668 646 patribus
683 572 789 643 promi·
873 571 1037 627 Hominibus
1062 572 1138 629 boam
1162 573 1329 629 volontatis.
1354 572 1465 645 (Brut.)
1491 572 1544 642 Qui
1559 572 1645 630 susci·

80 665 149 739 pleat
163 663 192 720 iu
212 664 302 732 nobis,
318 671 345 720 ct
364 665 549 734 juramentum
568 661 642 734 quod
661 661 723 717 fecit
737 675 789 733 pe·
840 657 917 730 piunt
931 667 1024 715 netum
1040 660 1188 730 Christum,
1206 677 1261 717 non
1275 662 1318 716 his
1332 662 1378 734 qui
1398 661 1489 719 audita
1503 662 1562 732 eius
1576 660 1646 718 nati·

85 752 298 812 deliberatione
312 759 417 820 nostra,
433 751 462 806 in
482 750 563 808 uobis
585 766 636 823 per
651 749 789 807 Christum
841 747 923 804 vitate
933 756 996 803 suut
1006 749 1107 804 turbati
1117 757 1143 804 et
1155 766 1217 806 eum
1235 751 1383 822 persecuti.
1394 752 1455 808 Non
1466 755 1577 825 cstpox
1587 752 1644 808 tm-

80 849 165 900 eetur.
837 838 905 908 pito,
922 836 991 894 dicit
1010 839 1146 894 Dominus
1166 838 1232 910 (iso.
1248 840 1358 909 xuvru).

80 945 108 989 s.
121 932 170 988 ⁸16.
187 960 222 971 -
236 930 272 986 Et
288 933 329 994 to,
344 943 426 1002 puer,
439 927 577 1002 propbeta
590 928 734 985 ditissimi
748 944 791 986 oo
875 924 961 981 Vnus.
987 929 1030 981 te.
1056 958 1090 967 -
1114 928 1149 982 Et
1173 932 1313 984 venerunt
1336 929 1509 999 festinantes
1534 929 1645 1000 (Bura.)

80 1035 118 1077 s:
131 1020 248 1094 pretiis
263 1018 342 1075 enim
356 1021 424 1074 octe
438 1017 543 1089 sociem
552 1018 666 1075 Domini
674 1033 787 1091 peroro,
838 1012 900 1068 Non
929 1027 992 1070 cum
1021 1014 1127 1070 desidia
1141 1015 1240 1071 Christi
1256 1016 1402 1088 quaerenda
1430 1023 1473 1072 est
1486 1017 1642 1088 praesentia,

80 1108 169 1181 hut.)
183 1109 246 1164 Nou
259 1107 359 1162 mirum
373 1105 397 1161 si
411 1105 558 1178 alloquitur
581 1104 712 1162 infantem
728 1114 790 1162 octo
840 1109 904 1172 ete,
920 1118 1008 1174 atquc
1022 1102 1059 1158 od
1074 1103 1153 1174 quasi
1167 1103 1194 1157 iu
1216 1104 1345 1176 prmsipio
1369 1104 1517 1161 invenient.

80 1212 104 1266 l,
118 1204 187 1266 etc,
202 1211 290 1270 “illie
303 1196 340 1252 “d
353 1209 413 1268 ΨΜ
436 1194 604 1268 θῖὓῡθθθῧθῑ
619 1210 650 1252 ⁸0
678 1193 790 1251 infilius
876 1208 961 1265 raas.
978 1210 1021 1264 tr.
1037 1239 1072 1248 —
1089 1210 1216 1266 Videntcs
1231 1215 1337 1267 cotom.
1358 1210 1434 1267 visio
1457 1211 1501 1268 vel
1524 1211 1643 1285 cognitio

80 1285 142 1343 isse
644 1295 652 1310 ⁸
839 1296 890 1353 Dei
905 1304 956 1366 est,
973 1298 1072 1353 ethaeo
1088 1305 1129 1353 ost
1144 1298 1204 1354 sola
1222 1299 1279 1355 rita
1306 1299 1447 1355 homiuum
1470 1308 1499 1356 ut
1522 1316 1640 1375 cognos-

80 1388 106 1432 Β.
121 1374 168 1443 79,
185 1377 229 1430 8⁰·
245 1402 281 1414 -
293 1373 334 1430 Ad
353 1371 512 1445 ἆίνίθθπᾶθδ
525 1371 610 1446 pedii
633 1377 744 1433 ηθδΐνθδ
758 1375 790 1430 5²²
840 1394 903 1442 cant
916 1401 1013 1443 verum
1027 1387 1144 1457 Patrem,
1161 1396 1189 1443 et
1206 1404 1287 1460 quem
1311 1387 1385 1443 misit
1399 1389 1491 1444 Jesum
1507 1388 1644 1445 Christum

80 1464 170 1537 pacm.
187 1464 263 1518 Pater
275 1466 372 1518 cotem
386 1462 537 1530 crescebat,
554 1469 605 1518 etc.
621 1462 656 1519 Ut
670 1478 719 1533 por
733 1477 790 1517 em·
840 1490 902 1531 esse
918 1491 1001 1530 unum
1016 1475 1113 1533 neum,

80 1565 165 1608 assus
179 1557 336 1606 nostrorum
359 1565 471 1621 eperum
494 1550 685 1606 illuminatoris
703 1549 790 1606 nostri
875 1563 1073 1620 vgng‚1g‚..
1088 1566 1183 1621 Mirati
1197 1570 1276 1621 punt,
1301 1565 1435 1621 Mirantur
1449 1573 1476 1621 ει
1490 1566 1525 1622 ἀρ
1539 1572 1643 1638 myste.

80 1660 83 1693 Ι
101 1639 281 1706 ⁰0¹¹00rd011i2
307 1638 395 1695 donec
412 1638 449 1693 ld
466 1638 637 1695 mlfllifflleffl
651 1647 791 1711 bellem&
840 1650 882 1707 rio
897 1653 1091 1708 incarnationis
1106 1661 1133 1709 et
1147 1654 1182 1709 de
1196 1662 1268 1709 tanta
1292 1645 1433 1726 pasto'rum
1461 1654 1643 1725 attestatione,

80 1726 221 1785 hircinus·
803 1740 888 1811 Bqui
902 1739 1007 1813 fingere
1023 1742 1116 1797 audita
1142 1743 1290 1810 nescirent,
1307 1744 1356 1799 sed
1384 1743 1501 1814 simplici
1516 1742 1645 1799 facundie

308 1813 421 1872 CAPUT
435 1815 469 1871 Π·
839 1844 907 1884 vera
925 1830 1118 1901 praedicarent.
1144 1832 1198 1887 Sed
1221 1831 1354 1887 Donduus
1373 1848 1428 1887 nou
1442 1833 1577 1899 rethores,
1594 1832 1645 1888 sed

80 1945 106 1989 ,ο
122 1934 137 1986 1
155 1961 191 1972 ..
206 1931 290 1988 Exiit
303 1931 428 1988 edictum
442 1947 461 1988 a
477 1931 593 1989 cmm,
610 1932 693 2001 Am„
709 1933 789 2008 Bm)
840 1916 993 1988 piscatores
1007 1919 1041 1973 ad
1070 1920 1314 1993 evangelizandum
1342 1920 1497 1978 destinavit.
1514 1920 1559 1976 Sic
1573 1927 1600 1976 et
1615 1920 1644 1975 in

80 2028 125 2078 rm
142 2020 290 2077 duodecim
306 2020 386 2075 annis
409 2020 481 2077 cirea
509 2019 676 2078 nativitatem
691 2021 792 2079 christi
840 2006 938 2062 Vetere
953 2006 1128 2064 Testameuto
1147 2025 1204 2064 suae
1224 2008 1434 2080 dispensationis
1454 2009 1564 2064 nuntios
1579 2025 1643 2080 pes-

80 2109 243 2184 mgnavp,
263 2115 327 2177 αὖ,
348 2125 436 2181 mque
450 2108 487 2165 ad
500 2108 545 2167 hic
558 2109 676 2181 primum
691 2111 786 2169 Judaea
839 2101 913 2150 tores
927 2095 1072 2153 ordinavit.
1089 2097 1154 2153 ideo
1169 2112 1224 2153 non
1242 2104 1284 2153 est
1311 2097 1536 2170 parvipendenda
1549 2106 1644 2171 pasto-

80 2204 110 2255 st
123 2197 303 2270 stipendiaria
317 2196 457 2254 Romanis.
839 2198 901 2238 rum
915 2184 1060 2240 θῑῑθὸῑᾶῑῑθ·

80 2301 104 2345 s.
113 2290 143 2346 2.
159 2317 196 2329 -
208 2287 316 2343 Primo.
328 2286 439 2359 (Brut.)
452 2285 513 2343 lam
527 2286 644 2343 dirersis
658 2288 786 2361 tempori.
874 2273 960 2328 Vsus.
975 2276 1020 2331 20.
1036 2303 1071 2313 —
1085 2275 1121 2328 Et
1135 2275 1249 2340 reocrst,
1266 2283 1319 2330 etc.
1335 2274 1445 2346 (Brut.)
1461 2274 1506 2331 Sic
1517 2274 1643 2348 spiritua·

80 2374 208 2449 ‚102aequ
221 2382 314 2448 partes
328 2382 465 2431 terrarum
486 2376 616 2450 leguntur
630 2377 785 2449 (psol-ij,
838 2359 879 2416 les
892 2368 1018 2432 pastores
1032 2362 1116 2417 modo
1134 2362 1330 2418 dormientibus
1350 2363 1411 2417 eliis
1430 2364 1640 2435 contemplando

80 2480 108 2523 tc
120 2473 164 2523 ρει
177 2465 266 2537 prima
280 2481 373 2521 pamm
388 2480 449 2536 quae
467 2471 554 2521 totum
567 2465 663 2523 orbem
677 2467 788 2523 conclu·
838 2448 962 2505 coelestia
976 2450 1174 2519 subvehuntur,
1199 2458 1264 2518 etc„
1285 2468 1371 2524 osque
1386 2452 1423 2507 od
1440 2452 1506 2506 dum
1521 2452 1615 2507 dicunt
1632 2467 1639 2506 ε

79 2570 164 2628 ‚quae
178 2553 314 2626 professio
328 2561 370 2610 est
384 2554 523 2622 mentium,
541 2554 604 2628 quia
627 2555 718 2612 nullus
733 2571 787 2613 ex.
839 2536 934 2594 Gloria
946 2538 979 2594 t'tt
993 2539 1145 2595 altissimis
1159 2541 1224 2606 Deo,
1241 2543 1268 2596 ei
1279 2540 1311 2595 itt
1321 2543 1399 2596 terra
1407 2556 1468 2612 pax
1479 2540 1639 2597 bominibus

80 2658 110 2699 r.
123 2643 178 2700 Vel
193 2650 267 2698 certe
281 2649 347 2699 tuuc
359 2641 479 2714 primum
500 2643 592 2716 coepit,
608 2644 716 2716 quando
731 2645 786 2718 Cy·
837 2625 914 2684 W
932 2626 1099 2683 ”Multifidi

80 2730 210 2789 :casare
224 2730 252 2786 in
267 2730 374 2803 Syriam
387 2732 489 2789 missus
517 2739 568 2800 est,
584 2746 684 2789 censor
696 2733 785 2805 patri·
872 2723 958 2779 ΨΜ·
973 2726 1019 2783 22·
1035 2753 1070 2764 -
1087 2726 1224 2781 Toletani
1238 2726 1332 2782 illum·
1349 2725 1459 2782 Parvuli
1474 2725 1520 2798 qui
1534 2725 1569 2783 de
1583 2733 1640 2782 toto

80 2834 136 2877 mm
149 2818 268 2876 iuturus.
836 2826 924 2882 reguo
944 2811 1103 2869 iudaeorum
1127 2814 1161 2868 ad
1176 2813 1307 2885 templum
1321 2815 1509 2885 portabantur,
1527 2813 1551 2869 si
1564 2820 1643 2871 eraut

80 2930 102 2975 t.
117 2917 147 2974 p·
162 2948 199 2960 ,,
212 2918 364 2975 Nazareth,
380 2917 446 2991 (12)
468 2916 595 2988 Quotidie
610 2919 743 2977 Dominus
758 2921 786 2978 in
836 2898 871 2955 de
886 2900 959 2957 tribu
974 2901 1048 2972 levi,
1064 2901 1092 2957 iu
1107 2902 1287 2958 ministerium
1306 2904 1405 2959 domus
1419 2910 1552 2974 perpetuo
1566 2902 1636 2961 deti·

80 3006 117 3065 ttlt
131 3005 294 3078 concipitur,
311 3014 375 3075 etc,
399 3023 486 3080 osque
504 3007 541 3066 ad
555 3007 629 3081 quod
656 3009 786 3068 instantia
836 2988 980 3045 rebantur.
996 2989 1025 3046 Si
1040 2990 1074 3047 de
1088 2990 1143 3047 alia
1156 2992 1240 3060 tribu,
1256 2991 1344 3063 pretio
1359 2993 1424 3048 dato
1437 3007 1453 3048 a
1477 2992 1643 3063 perentibus

80 3094 122 3152 fi,
134 3093 263 3168 magistri
276 3094 344 3150 npffl
366 3094 440 3151 ΝΜ
461 3094 514 3152 nisi
543 3106 720 3170 augmentum
735 3116 786 3158 su,
795 3115 821 3180 C
843 3077 1019 3151 primogeniti
1041 3079 1245 3136 redimebantur
1259 3081 1418 3152 adpropria
1432 3080 1580 3137 referendi.

80 3183 218 3242 oraminis
231 3191 260 3239 ut
273 3182 397 3239 audiatur
411 3185 559 3257 acceperit.
874 3183 961 3240 Vnus.
977 3187 1059 3241 ts-
1075 3186 1154 3242 Sicut
1168 3189 1319 3260 scriptam.
1331 3187 1441 3259 (Brut.)
1452 3186 1641 3260 scriptumest

80 3285 99 3330 t.
115 3275 145 3331 b.
169 3301 205 3314 ·-
228 3273 348 3330 Factum
371 3276 415 3329 est
436 3277 545 3330 rotem.
569 3273 640 3331 Alibi
664 3277 780 3352 concipi,
838 3272 1154 3348 intromittentes
1176 3280 1397 3349 suscepimus,
1423 3293 1510 3350 osque
1525 3276 1561 3332 ad
1577 3292 1639 3334 cum

80 3360 144 3421 uei
164 3359 299 3417 Dominus
323 3359 422 3430 voluit,
439 3369 469 3417 ut
490 3361 643 3418 insidiantis
667 3365 785 3423 Herodis
838 3360 975 3418 bonorum
1004 3378 1117 3434 operum
1140 3362 1274 3420 fructibus
1306 3379 1433 3436 supernae
1462 3364 1639 3422 beatitudinis

80 3464 101 3507 n
123 3448 233 3507 facilius
256 3449 396 3506 erederet.
422 3449 566 3505 Humilitas
588 3451 690 3509 Christi
705 3471 783 3511 com-
838 3450 942 3524 geudia
956 3452 1038 3508 subit.

80 3548 132 3609 ms
149 3537 285 3610 <lui⁰¹1⁰1¹
300 3538 389 3594 ⁸⁰¹¹¹m
409 3537 557 3609 inclinaris
576 3540 625 3596 Sed
640 3542 721 3598 eiiam
735 3543 783 3601 ill0
872 3557 958 3614 tras.
973 3560 1018 3618 il.
1035 3589 1070 3599 —
1098 3561 1156 3616 Por
1184 3563 1333 3616 turturum
1347 3559 1412 3632 (lu.)
1435 3560 1499 3617 Haec
1523 3559 1635 3633 oblatio,

80 3642 102 3687 θ
113 3626 196 3684 ”⁸⁵⁰5
210 3625 305 3695 voluit,
322 3641 376 3699 (111⁰
387 3633 538 3683 ffl⁰¹¹¹³2¹¹⁸
557 3630 651 3685 censui
667 3631 784 3690 Caesffls
835 3660 987 3718 pauperum
1002 3656 1070 3716 erat,
1081 3647 1127 3720 qui
1138 3663 1193 3704 nou
1209 3646 1366 3704 sufficerant
1376 3647 1476 3705 offerre
1486 3665 1597 3724 agnum,
1609 3658 1639 3707 ut

80 3722 232 3775 imsifflffl
246 3714 437 3772 libemiifflem
466 3715 640 3775 ⁸¹¹bd01'0111f·
835 3750 885 3806 per
899 3735 990 3790 omnia
1004 3735 1144 3792 humilitas
1159 3736 1268 3792 Domini
1287 3743 1388 3808 pateat.

80 3818 98 3865 t.
123 3805 155 3863 7.
170 3833 206 3846 -
219 3806 329 3862 Poenis
344 3819 410 3862 eum
422 3803 552 3863 invoivit.
570 3806 675 3863 Vilibus
690 3807 785 3866 indui·

80 3891 156 3963 mis,
171 3899 204 3950 ut
229 3893 328 3949 stolam
352 3892 562 3949 immortulitatis
578 3895 777 3968 reciperemus.

93 3987 124 4040 et
146 3980 234 4054 pedes
256 3981 446 4054 stringuntur;
462 3990 491 4038 ut
514 3997 612 4039 manus
632 3994 734 4044 nostrae
748 3989 784 4044 ad

80 4069 242 4146 perandum,
257 4071 344 4143 pedes
365 4071 393 4126 iu
412 4071 483 4127 vium
507 4072 583 4143 pacis
608 4074 780 4148 dirigantur;

80 4159 221 4231 alectus,
238 4167 268 4217 ut
281 4175 332 4216 nos
349 4159 464 4232 perlecti
489 4160 585 4217 simus.

80 4262 98 4306 t.
114 4252 143 4308 ῃ,
163 4278 199 4291 ..
221 4250 257 4306 pt
280 4254 418 4322 pastores,
444 4249 556 4323 (pm.)
581 4251 653 4309 Nato
677 4269 783 4311 summo
869 4235 954 4291 Vsus.
969 4238 1013 4294 27.
1031 4267 1065 4277 -
1080 4239 1214 4293 Puerum.
1231 4238 1298 4293 Cum
1318 4237 1438 4310 pueritia
1455 4245 1518 4311 post
1532 4245 1637 4310 septem

80 4345 243 4413 apostotus
261 4337 297 4394 ab
317 4337 424 4394 insidiis
448 4338 547 4407 noctis,
563 4346 628 4410 ete,
645 4358 733 4416 ogque
748 4344 784 4400 ad
831 4338 917 4380 annos
935 4323 1056 4381 inlantiae
1070 4325 1190 4398 incipiat,
1211 4327 1291 4382 iesus
1305 4325 1467 4400 frequenter
1480 4343 1551 4398 puer
1565 4327 1633 4385 dici-

80 4440 147 4502 rtros
160 4426 251 4484 divina
270 4426 360 4503 gratia
378 4426 484 4502 largius
500 4439 637 4486 coruscat,
831 4420 885 4479 tur,
902 4429 958 4470 nou
970 4421 1026 4468 tam
1049 4422 1126 4471 aetate
1155 4431 1236 4487 quam
1259 4431 1311 4486 pro
1337 4415 1458 4483 servitio,
1475 4415 1548 4471 undo
1562 4416 1633 4472 Pro-

80 4530 99 4574 ;‚
113 4518 143 4574 9,
157 4545 194 4558 -
207 4518 654 4591 ptecaeanyepmpompnp,(1„·)
668 4481 819 4578 1300„ss
834 4500 917 4572 pheta
933 4517 940 4556 :
957 4504 1026 4559 dccc
1039 4521 1112 4576 porr
1126 4521 1214 4570 meos,
1232 4503 1294 4576 quia
1316 4505 1407 4560 Filios
1430 4503 1554 4561 bominis
1576 4519 1636 4562 stou

80 4604 144 4677 pum,
160 4613 189 4663 02
211 4612 382 4678 conceptum,
399 4613 427 4663 et
440 4615 534 4662 natum
548 4607 704 4677 Dominum,
716 4608 779 4665 coep
832 4590 911 4646 creuit
925 4591 1097 4658 ministrari,
1115 4592 1164 4649 scd
1176 4593 1343 4648 ministrare
1358 4591 1424 4662 (iso.
1446 4591 1526 4663 auu).

80 4700 211 4764 ututur,
228 4701 298 4751 utet
312 4694 444 4751 mortales
467 4695 634 4754 sufficienter
648 4696 780 4768 imbuant,
869 4688 954 4744 Vsslts·
970 4692 1016 4747 29·
1026 4719 1061 4730 -
1070 4690 1150 4746 Nunc
1160 4688 1283 4745 dimittit
1297 4693 1508 4746 immittam·
1520 4687 1635 4762 (dm-l

80 4782 215 4841 rauciori
240 4784 380 4841 servitium
402 4783 569 4857 impendant.
833 4774 887 4844 Qui
901 4778 958 4834 vult
971 4777 1079 4847 dimitti,
1096 4778 1188 4834 veniat
1201 4777 1230 4832 in
1243 4776 1423 4847 Hierusalem,
1449 4785 1520 4851 etc.,
1541 4794 1629 4852 osque

80 4885 97 4928 t.
112 4873 159 4930 ll.
180 4902 217 4914 -
239 4873 385 4944 Infantem
399 4876 505 4947 pannis
524 4875 696 4932 inrotatum.
713 4876 780 4948 (tu.)
832 4864 944 4923 adtunc
957 4865 1109 4922 dimittetur
1117 4873 1148 4920 ut
1160 4881 1215 4922 non
1229 4866 1320 4923 videat
1334 4873 1459 4935 mortem,
1476 4866 1539 4939 quia
1552 4866 1632 4924 vide·

80 4957 210 5017 tiniantia
227 4960 378 5018 salvatoris
388 4970 415 5018 et
425 4961 588 5037 augelorum
600 4962 775 5034 testimoniis,
831 4962 873 5010 rai
886 4954 979 5011 vilem·

80 5047 249 5124 tgelistarum
264 5058 306 5107 est
318 5051 465 5122 inculcata,
482 5059 511 5109 ut
524 5053 660 5109 mentibus
675 5054 778 5110 uostris
869 5054 952 5109 Vens.
970 5054 1014 5108 at.
1031 5083 1065 5093 -
1081 5055 1149 5110 Ecce
1163 5053 1272 5127 positus
1287 5057 1329 5109 est
1344 5054 1399 5109 bic.
1415 5053 1447 5108 ln
1456 5051 1563 5109 ruinam
1571 5051 1633 5110 illo·

80 5135 211 5214 indgatur
233 5138 300 5212 quid
323 5156 374 5210 pro
398 5141 477 5197 uobis
501 5141 535 5196 sit
549 5141 660 5198 iactus:
681 5142 711 5197 ln
726 5157 781 5215 quo
831 5156 891 5195 rum
906 5141 952 5213 qui
966 5148 1107 5208 steterant,
1124 5151 1151 5199 et
1165 5141 1394 5199 resurrectionem
1407 5139 1573 5214 illorumqui
1587 5157 1633 5200 ce·

80 5241 112 5284 as
125 5228 350 5286 commendatur:
363 5229 435 5296 Quia
444 5246 510 5286 com
524 5234 597 5287 esset
610 5230 696 5297 diues,
707 5247 780 5303 pott-
830 5229 972 5297 oiderant;
987 5230 1031 5285 rel
1046 5231 1075 5286 in
1090 5231 1195 5287 ruinam
1209 5231 1345 5299 vitiorum,
1362 5237 1389 5286 et
1402 5230 1432 5285 in
1453 5232 1634 5289 resurrectio·

80 5315 188 5376 onoma
206 5319 302 5387 sactus
319 5321 372 5387 cst,
391 5320 532 5392 otinopio
552 5335 605 5376 sco
614 5335 665 5376 nos
675 5318 781 5377 ditaret
830 5334 894 5374 nem
907 5317 1110 5376 virtutumNon
1124 5322 1152 5376 in
1171 5338 1200 5377 se
1216 5328 1329 5386 tantum,
1346 5319 1396 5376 sed
1410 5318 1439 5374 iu
1452 5319 1509 5376 suis
1523 5335 1632 5393 quoque

80 5405 110 5477 r).
829 5407 1058 5479 predicatoribus
1071 5410 1175 5481 positus
1189 5418 1230 5466 est
1245 5410 1271 5464 iu
1287 5410 1394 5465 ruinam
1408 5416 1436 5465 et
1450 5408 1628 5465 resurrectio-

80 5508 94 5550 t.
110 5495 156 5552 tt.
171 5521 208 5536 -
221 5496 258 5552 Et
272 5497 305 5551 ic
321 5500 398 5552 torre
411 5512 481 5569 poc.
504 5495 620 5567 Quando
639 5497 780 5568 peccando
830 5513 903 5564 nem,
926 5496 999 5553 unde
1022 5496 1169 5568 Apostolus
1185 5514 1191 5553 :
1209 5498 1315 5556 Christi
1339 5499 1425 5556 bonus
1447 5498 1514 5555 odor
1531 5509 1629 5552 rumor

80 5582 188 5642 relico
203 5583 337 5653 extranei,
353 5591 499 5642 extraneos
521 5601 572 5641 nos
588 5586 680 5660 angeli
694 5585 780 5658 depu-
830 5588 895 5655 Deo,
911 5588 943 5643 in
959 5587 1002 5644 bis
1025 5587 1075 5659 pai
1095 5587 1169 5642 salci
1181 5587 1266 5657 fiant,
1282 5593 1311 5645 ct
1325 5591 1358 5644 in
1373 5588 1417 5644 bis
1431 5587 1480 5659 qut
1492 5585 1623 5657 percant.

80 5693 83 5737 ;
97 5672 151 5735 ted
164 5674 229 5748 quia
243 5673 424 5749 cognovimus
439 5689 535 5748 regem
548 5682 684 5747 nostrum,
700 5691 780 5736 reco-
829 5672 1507 5778 Bonoeubnodore,uliisalrautur,aliipcreunt(oll
1515 5671 1576 5728 Cor.
1583 5668 1625 5741 ιι).

869 3850 956 3907 Vuae.
971 3853 1017 3909 25.
1033 3879 1069 3892 -·
1082 3853 1118 3908 Et
1128 3868 1191 3909 cccc
1201 3853 1292 3910 bomo.
1303 3853 1366 3909 Non
1376 3852 1465 3908 solum
1474 3852 1576 3927 angeli,
1588 3854 1638 3912 sed

834 3939 923 3994 omnis
937 3946 1003 3996 aetas
1012 3947 1039 3995 et
1050 3956 1131 3996 sexus
1141 3940 1326 3998 testimonium
1335 3949 1400 3999 nato
1411 3942 1530 3999 reddunt
1538 3958 1635 4016 puero.

833 4028 942 4085 lltsicut
951 4027 986 4084 ab
996 4028 1118 4086 omnium
1128 4030 1291 4087 saeculorum
1306 4030 1435 4103 fidelibus
1445 4031 1635 4106 praesagieba-

833 4125 887 4185 tur,
899 4118 937 4176 ite
947 4119 1060 4176 veniens
1070 4119 1192 4176 omnium
1201 4128 1359 4177 sanctorum
1368 4120 1450 4178 laude
1462 4121 1635 4194 praedicetur.
